3039 3877
1405 309 1456 315 -
1518 281 1621 324 VIII
1679 306 1733 313 ——

606 408 807 465 Denique
837 409 1072 452 Cosconius
1102 407 1154 450 de
1174 405 1353 449 Lavinio
1383 404 1436 448 ab
1464 405 1614 449 Aenea
1645 405 1794 460 quarto
1824 416 1938 447 anno
1967 404 2065 459 post
2093 400 2243 446 Troiae
2273 400 2490 446 excidium
2520 403 2737 446 exstructo

386 489 622 543 disputaret
658 490 723 543 (fr.
762 486 852 541 lv).
910 486 1022 537 Quid
1059 486 1162 529 haec
1192 484 1244 528 ad
1281 484 1632 540 grammaticum?
1675 485 1817 538 Atque
1852 482 2148 547 Mommsenus
2194 481 2369 537 quidem
2413 482 2560 538 (praef.
2605 481 2735 526 Solin.

385 581 424 623 p.
452 566 578 622 XVI)
607 567 721 611 hunc
749 565 1007 609 Cosconium
1038 564 1114 607 vix
1141 564 1326 607 eundem
1363 576 1460 607 esse
1489 565 1608 619 putat
1643 565 1771 618 atque
1810 575 1924 616 eum,
1954 574 2082 617 quem
2114 560 2247 604 Varro
2277 562 2322 604 in
2352 560 2472 604 libris
2502 561 2555 605 de
2591 562 2739 618 lingua

386 648 518 690 latina
547 649 657 690 citat.
715 645 876 688 Tamen
907 646 1011 687 haec
1039 647 1130 686 tum
1163 644 1269 686 adeo
1306 657 1392 685 non
1423 642 1703 686 abhorrebant
1736 656 1762 684 a
1788 642 1941 683 studiis
1969 642 2281 697 grammaticis,
2311 646 2358 684 ut
2393 642 2544 684 intima
2572 642 2738 683 ratione

386 740 484 768 cum
516 727 569 768 iis
598 726 825 768 coniuncta
855 726 1012 767 essent.
1070 723 1129 765 Ut
1165 724 1282 765 enim
1319 723 1450 765 nostri
1488 723 1688 776 temporis
1730 721 1925 763 homines
1960 721 2223 775 grammatici
2253 721 2406 764 studiis
2443 720 2738 775 etymologicis

387 804 532 858 dediti,
562 816 660 846 cum
690 802 741 845 ad
771 801 935 844 radices
966 813 1106 856 usque
1133 803 1354 857 penetrare
1384 800 1535 842 volunt
1564 798 1805 854 verborum,
1836 813 1923 842 non
1954 799 2093 842 solum
2124 798 2317 855 linguam
2344 799 2557 855 cuiusque
2587 798 2737 854 populi

386 883 640 938 respiciunt,
686 881 761 924 sed
799 882 924 923 etiam
963 879 1122 935 quibus
1159 880 1344 934 quisque
1385 890 1492 921 usus
1522 879 1577 920 sit
1614 878 1803 921 moribus
1840 881 1967 933 atque
1996 879 2203 921 institutis
2230 880 2272 920 et
2292 879 2542 933 praesertim
2582 876 2739 933 quibus

388 960 486 1003 olim
517 960 561 1002 in
592 957 841 1014 regionibus
870 959 1001 1000 vitam
1033 958 1188 1011 egerit,
1229 957 1350 1009 prius
1379 968 1507 1009 quam
1538 958 1673 998 certas
1705 957 1827 998 sedes
1864 959 2109 1011 occuparet,
2146 957 2373 1012 diligenter
2408 958 2740 1012 perscrutantur,

388 1052 444 1081 ne
474 1051 626 1080 manca
655 1038 711 1079 sit
740 1050 764 1078 a
795 1036 941 1078 multis
978 1034 1170 1091 partibus
1208 1034 1435 1089 disciplina
1471 1047 1581 1089 quae
1608 1036 1651 1076 in
1684 1034 1911 1077 verborum
1951 1034 2188 1091 originibus
2219 1035 2490 1091 explicandis
2520 1037 2736 1077 versatur:

387 1120 444 1160 ita
474 1119 555 1160 iam
587 1118 688 1159 olim
720 1116 985 1171 grammatici
1016 1113 1213 1168 Romani,
1244 1115 1283 1155 ei
1315 1115 1387 1168 qui
1418 1114 1470 1154 dc
1502 1113 1724 1156 verborum
1758 1116 1922 1170 origine
1952 1116 2244 1171 disputaturus
2272 1118 2408 1169 esset,
2447 1129 2533 1158 non
2565 1128 2737 1170 parvam

387 1195 514 1238 simul
545 1209 690 1237 curam
718 1194 1001 1237 adhibendam
1039 1207 1135 1236 esse
1173 1194 1312 1247 ipsius
1342 1193 1504 1246 populi,
1534 1192 1586 1234 de
1618 1206 1702 1247 quo
1733 1197 1889 1248 ageret,
1919 1195 2074 1249 origini
2095 1194 2375 1250 indagandae,
2406 1195 2644 1236 rectissime
2674 1194 2740 1236 in-

386 1275 652 1317 tellexerunt.
714 1273 811 1329 Ipse
847 1275 931 1316 iam
969 1273 1069 1315 Cato
1099 1274 1143 1314 in
1175 1272 1404 1326 Ονίρίηἰὸοω
1434 1273 1594 1326 priscos
1624 1271 1840 1315 Romanos
1872 1273 2043 1327 linguae
2072 1286 2247 1328 graecae
2278 1274 2562 1327 peritissimos
2593 1273 2740 1325 fuisse,

386 1357 433 1395 ut
458 1355 530 1407 qui
563 1366 619 1394 ex
649 1353 745 1406 ipsa
765 1353 941 1393 Graecia
961 1352 1264 1393 vetustissimis
1288 1350 1548 1404 temporibus
1578 1351 1623 1391 in
1645 1350 1807 1392 Italiam
1838 1353 2222 1406 transmigrassem,
2244 1353 2443 1406 exposuit
2463 1351 2530 1405 (cf.
2551 1352 2741 1395 maxime

384 1433 529 1487 fragm.
565 1432 616 1472 19
645 1430 776 1484 Pet.);
819 1445 868 1472 ac
904 1431 1000 1472 vide
1043 1430 1168 1472 modo
1214 1432 1352 1485 ipsum
1385 1429 1642 1471 Varronem:
1688 1431 1861 1471 iuvenis
1905 1431 2022 1471 misit
2065 1433 2195 1472 Accio
2241 1432 2334 1473 seni
2373 1430 2504 1473 libros
2543 1431 2598 1472 de
2635 1432 2740 1472 anti-

383 1512 529 1566 quitate
571 1510 816 1558 litterarum,
856 1491 963 1564 quas
1008 1509 1061 1551 ab
1103 1509 1302 1550 Euandro
1340 1511 1383 1549 in
1426 1508 1588 1550 Italiam
1637 1509 1833 1550 advectas
1883 1522 1978 1550 esso
2026 1510 2168 1552 docuit
2208 1511 2272 1563 (cf.
2306 1510 2642 1563 Wilmannsius,
2675 1509 2740 1551 De

388 1589 585 1631 Varronis
615 1588 736 1630 libris
770 1589 1055 1643 grammaticis
1085 1601 1126 1641 p.
1159 1589 1239 1629 120
1271 1589 1374 1641 sq.);
1404 1592 1493 1629 tum
1524 1601 1624 1629 voro
1654 1587 1706 1628 ab
1738 1588 1816 1628 hoc
1837 1590 2110 1642 grammatico
2140 1589 2352 1630 scribendi
2380 1601 2537 1643 genere
2567 1589 2743 1630 deflexit

383 1670 435 1710 ad
465 1670 753 1722 antiquitates,
784 1668 942 1722 quibus
970 1670 1142 1721 triginta
1171 1669 1257 1708 fere
1288 1681 1424 1707 annos
1457 1669 1513 1708 ita
1549 1668 1834 1721 detinebatur,
1866 1673 1911 1708 ut
1940 1673 2103 1723 praeter
2139 1670 2268 1709 libros
2313 1670 2361 1708 de
2398 1669 2548 1722 miqine
2587 1669 2744 1722 linquae

381 1750 530 1788 latinae
558 1749 609 1789 ad
631 1748 705 1788 Cn.
746 1747 1000 1801 Pompeium
1024 1748 1179 1787 missos
1203 1760 1255 1787 ne
1284 1749 1507 1801 attingeret
1528 1748 1701 1801 quidem
1721 1750 2057 1801 grammaticam:
2092 1749 2146 1788 ad
2169 1762 2296 1802 quam
2317 1749 2542 1802 multiplici
2569 1749 2741 1789 demum

385 1830 618 1870 instructus
656 1827 834 1868 scientia
869 1837 1069 1868 reversus
1108 1830 1183 1868 cst.
1242 1826 1355 1868 Hinc
1395 1827 1522 1880 igitur
1551 1826 1704 1867 sactum
1748 1829 1831 1880 est,
1877 1829 1923 1867 ut
1953 1826 2086 1869 Varro
2122 1829 2167 1869 iu
2205 1827 2323 1869 libris
2359 1827 2408 1868 de
2453 1826 2587 1881 linqua
2616 1826 2741 1867 latina

383 1909 591 1962 originem
632 1905 749 1946 verbi
785 1907 1062 1958 expositurus
1101 1907 1256 1945 totiens
1299 1905 1350 1944 ad
1389 1904 1574 1944 fabulam
1607 1906 1721 1945 illam
1767 1906 1891 1945 nobis
1936 1907 2303 1960 molestissimam,
2344 1909 2386 1946 at
2421 1907 2506 1946 illis
2542 1907 2741 1961 religiose

381 1990 593 2028 servatam
622 1988 665 2026 et
699 1985 900 2025 creditam
938 1984 990 2024 de
1021 1983 1180 2024 Graeca
1214 1983 1506 2025 Romanorum
1545 1985 1707 2036 origine
1748 1986 2002 2036 recurreret,
2032 1984 2081 2024 cf.
2115 1985 2154 2025 V
2192 1986 2244 2025 21
2284 1987 2524 2038 (postquam
2554 1985 2743 2025 terminus

380 2064 638 2108 vocabulum
675 2063 883 2105 derivavit
928 2076 953 2104 a
986 2062 1195 2114 terendo):
1246 2061 1318 2103 hoc
1354 2060 1502 2103 Graeci
1537 2062 1644 2117 quod
1682 2060 1865 2118 τέρμονα,
1898 2069 1993 2115 pote
2028 2062 2087 2104 vel
2115 2061 2244 2104 illinc:
2296 2062 2495 2104 Euander
2529 2063 2631 2104 enim
2675 2063 2745 2119 qui

379 2146 481 2187 venit
516 2145 556 2185 in
586 2143 808 2191 Palatium,
846 2156 866 2182 e
895 2142 1067 2184 Graecia
1103 2141 1249 2182 Arcas.
1281 2143 1333 2182 53
1365 2141 1584 2190 Palatium,
1622 2142 1730 2196 quod
1769 2141 1973 2182 Pallantes
2009 2157 2097 2182 cum
2134 2142 2338 2182 Euandro
2382 2149 2580 2191 venerunt,
2611 2143 2681 2197 qui
2707 2149 2742 2184 et

380 2203 579 2275 Palatini,
612 2222 713 2279 [alii‚
743 2221 852 2278 quod
882 2220 1091 2276 Palatina]
1121 2221 1343 2274 aboriyines
1375 2235 1423 2263 ew
1449 2236 1548 2275 ayt-0
1580 2220 1752 2262 Reatino
1781 2221 1852 2275 qni
1881 2220 2114 2274 appellatur
2143 2220 2365 2271 Palatimn‚
2400 2221 2458 2263 ibi
2489 2220 2743 2263 consederunt

379 2305 446 2359 (cf.
479 2303 657 2356 Dionys.
685 2301 794 2343 arch.
827 2300 846 2342 I
879 2301 945 2355 14,
975 2303 1011 2342 2.
1043 2301 1111 2354 31,
1141 2302 1197 2354 4).
1264 2302 1339 2343 101
1373 2300 1484 2354 lepus
1514 2301 1623 2356 quod
1651 2300 1778 2342 Siculi
1806 2301 1972 2355 quidam
1994 2300 2142 2343 Graeci
2170 2301 2303 2342 dicunt
2332 2300 2500 2358 λέποριν.
2561 2317 2587 2342 α
2606 2301 2742 2343 Roma

379 2383 486 2439 quod
514 2383 594 2424 orti
621 2381 761 2430 Siculi,
798 2388 840 2421 ut
875 2380 1038 2421 annales
1072 2387 1214 2422 veteres
1249 2381 1376 2421 nostri
1402 2381 1549 2429 darant,
1571 2380 1750 2435 fortasse
1786 2379 1876 2420 Ιιιήσ
1916 2380 2009 2420 illuc
2042 2381 2213 2422 tulerunt
2254 2388 2289 2422 et
2327 2381 2390 2422 laic
2427 2381 2669 2436 reliqueram
2698 2381 2743 2422 id

379 2476 530 2503 monteri.
591 2460 696 2502 Gell.
728 2458 788 2500 Xl
820 2460 859 2512 1,
891 2459 915 2499 5
946 2457 1177 2499 vocabulum
1208 2490 1216 2499 .
1250 2491 1258 2499 .
1293 2491 1300 2499 .
1334 2458 1479 2499 multae
1522 2457 1649 2499 Varro
1680 2459 1720 2499 iu
1750 2474 1826 2500 uno
1856 2459 2034 2500 vicesimo
2070 2474 2205 2501 rerum
2238 2459 2506 2500 humanarum
2544 2476 2623 2502 non
2654 2460 2741 2503 La-

380 2541 507 2581 tinum
551 2539 622 2580 secl
651 2538 847 2579 Sabinum
887 2552 965 2578 ease
1005 2537 1100 2578 dicit
1140 2537 1259 2592 idque
1295 2538 1352 2577 aci
1385 2553 1501 2577 suam
1542 2538 1778 2578 memoriam
1819 2539 2007 2579 mansisse
2044 2540 2100 2578 ait
2136 2540 2178 2579 in
2214 2539 2350 2593 linqua
2380 2540 2623 2581 Samnitium
2656 2541 2743 2596 qui

380 2626 489 2659 aunt
518 2633 544 2657 a
575 2618 774 2658 Sabinis
802 2618 902 2658 orti
928 2618 994 2667 (cf.
1010 2617 1162 2658 Festus
1183 2630 1223 2670 p.
1247 2618 1358 2671 142),
1374 2617 1425 2658 al.
1486 2617 1623 2666 Quam
1658 2618 1729 2659 ille
1752 2619 2046 2672 quaestionem
2067 2619 2369 2672 copiosissime
2399 2621 2591 2660 tractavit
2618 2619 2739 2661 libris

381 2699 430 2740 de
457 2698 609 2753 oriyiue
638 2697 796 2752 linquae
824 2696 971 2738 latinae
999 2696 1146 2750 (cfffr.
1172 2696 1251 2738 106
1282 2696 1464 2751 Wilm.);
1498 2699 1625 2752 atque
1658 2710 1786 2752 quam
1817 2701 2010 2739 accurate
2041 2698 2211 2753 singula
2233 2711 2430 2754 quaeque
2460 2700 2740 2756 investigarit,

379 2778 720 2821 luculentissime
751 2779 927 2832 apparet
954 2776 1192 2832 fragmento
1225 2776 1320 2831 108,
1351 2776 1465 2831 quod
1497 2778 1684 2819 servavit
1714 2776 1898 2819 Ioannes
1931 2776 2073 2836 Lydus
2104 2777 2153 2818 de
2180 2792 2286 2832 may.
2317 2777 2361 2820 11
2392 2779 2462 2820 13:

660 2852 734 2901 τὴν
762 2853 861 2901 ὅλην
889 2852 1145 2901 κατασκευὴν
1170 2857 1245 2896 τοῦ
1273 2849 1551 2911 περιζώματος
1581 2858 1616 2896 οὶ
1639 2849 1792 2896 Γάλλοι
1818 2855 2070 2914 καρταμέραν
2090 2861 2164 2910 (sc.
2187 2856 2401 2914 λέγουσιν),
2428 2856 2475 2905 ἢν
2500 2855 2550 2900 τὸ
2579 2862 2740 2911 πλΰθος

667 2928 930 2991 καρτάλαμον
956 2928 1000 2982 ἐξ
1029 2928 1228 2982 ἰδιωτείας
1261 2927 1460 2989 ὀνομάζει.
1518 2933 1584 2974 ὅτι
1619 2929 1667 2974 δὲ
1703 2934 1749 2974 οὐ
1774 2930 2006 2990 Ῥωμαϊκὸν
2048 2937 2163 2976 τουτὶ
2204 2933 2253 2978 τὸ
2292 2932 2495 2993 ῥημάτιον,
2531 2933 2681 2996 μάρτυς
2716 2937 2738 2980 ὁ

656 3008 861 3069 Ῥωμαῖος
880 3006 1041 3069 Βάρρων
1070 3011 1111 3052 ἐν
1140 3012 1279 3066 βιβλίῳ
1310 3010 1483 3067 πέμπτῳ
1514 3013 1602 3069 περὶ
1624 3008 1859 3068 Ῥωμαϊκῆς
1888 3008 2106 3056 διαλέκτου
2136 3015 2206 3069 (de
2235 3015 2314 3059 hac
2344 3017 2619 3074 inscriptione
2639 3019 2738 3062 vide

660 3091 996 3133 Wilmannsium
1025 3105 1065 3146 p.
1097 3092 1191 3144 130,
1216 3105 1476 3146 quamquam
1504 3092 1608 3133 mihi
1636 3106 1722 3133 non
1755 3105 1927 3147 prorsus
1957 3095 2200 3148 persuasit),
2220 3095 2261 3134 ἐν
2280 3087 2313 3147 ᾧ
2342 3090 2615 3153 διαρθροῦται,
2644 3100 2738 3140 ποία

659 3169 731 3226 μέν
758 3186 820 3218 τις
848 3164 954 3218 λέξις
990 3170 1097 3210 ἐστὶν
1127 3164 1310 3219 Αἰολική,
1348 3170 1443 3210 ποία
1479 3164 1526 3209 δὲ
1555 3165 1768 3228 Γαλλικῆ,κ
1790 3172 1857 3211 καὶ
1892 3170 1957 3212 ὅτι
1995 3171 2111 3228 έτέρα
2147 3171 2219 3228 μὲν
2255 3169 2280 3218 ἦ
2319 3168 2525 3228 Θούσκων,
2555 3173 2662 3224 ἄλλη
2692 3173 2738 3219 δὲ

654 3242 928 3305 Ἐτρούσκων,
958 3240 1015 3287 ὧν
1045 3251 1325 3303 συγχυθεισῶν
1351 3244 1377 3292 ἡ
1405 3250 1470 3287 νῦν
1498 3250 1702 3304 κρατοῦσα
1732 3250 1815 3288 τῶν
1840 3244 2060 3305 Ῥωμαίων
2088 3248 2349 3297 ἀπετελέσθη
2380 3247 2504 3309 φωνή.

379 3329 498 3380 Quae
524 3327 655 3371 verba
684 3328 908 3382 exscripsi,
939 3327 1097 3382 quippe
1128 3327 1180 3369 de
1211 3327 1369 3382 quibus
1399 3326 1714 3369 Wilmannsius
1745 3342 1783 3382 p.
1820 3328 1896 3369 131
1940 3342 2025 3371 non
2063 3343 2237 3384 prorsus
2265 3334 2378 3373 recte
2408 3333 2512 3375 mihi
2544 3335 2737 3378 videatur

379 3409 633 3464 disputasse.
693 3406 905 3448 Stultitiae
934 3407 1047 3446 enim
1088 3407 1226 3461 arguit
1262 3404 1427 3459 Lydum
1468 3406 1538 3447 vel
1572 3405 1877 3460 impudentiae,
1918 3408 1993 3462 qui
2024 3407 2258 3450 Varronem
2299 3409 2496 3454 docuisse
2530 3413 2677 3468 prodat
2712 3428 2737 3457 e

379 3489 541 3546 linguis
571 3486 732 3529 aeolica
761 3485 915 3541 gallica
944 3487 1113 3527 etrusca
1140 3486 1251 3528 inter
1280 3498 1326 3527 se
1356 3486 1504 3527 mixtis
1533 3485 1723 3539 linguam
1754 3485 1925 3529 latinam
1956 3490 2088 3529 ortam
2120 3501 2228 3530 esse.
2288 3490 2420 3547 Atqui
2451 3492 2548 3534 audi
2577 3492 2738 3550 Diony-
