3039 3877
1303 275 1611 320 ..vn-

282 401 457 453 Stilone,
483 409 585 444 cum
610 399 668 444 de
696 399 785 443 XII
814 399 972 444 tabulis
998 404 1155 458 ageret,
1190 403 1394 459 seriptum
1423 413 1521 446 esse
1549 404 1654 457 puto
1681 404 1852 458 propter
1880 401 1985 444 haec
2012 398 2217 443 Macrobii
2250 398 2381 442 verba
2414 400 2504 454 (sat.
2534 399 2556 442 Ι
2584 400 2625 455 3,

286 481 377 536 15):
427 484 628 535 ‘ma
662 478 881 534 tanmem&
915 477 988 520 boc
1016 486 1071 521 ed
1096 479 1179 522 diei
1201 480 1457 522 massanum
1483 487 1650 535 tenipus,
1684 481 1782 522 sicut
1815 494 2044 534 capr-essum
2077 485 2131 520 eu
2164 478 2207 519 in
2242 477 2449 519 duodecim
2484 478 2626 519 tabulis

194 582 196 585 >
283 557 321 612 (I
350 558 399 602 fr.
429 559 456 601 9
484 548 704 614 Seboell.):
748 557 854 600 ‘solie
895 572 1055 600 occasus
1096 572 1286 613 suprema
1329 565 1536 614 tempestas
1577 559 1680 602 esto’.
1740 559 1881 602 deinde
1921 572 2085 613 vespera
2117 590 2126 599 .
2156 589 2165 598 .
2197 590 2206 599 .
2249 557 2300 598 ab
2341 556 2414 599 hoc
2454 564 2628 612 tempore

278 636 424 692 prima
443 636 530 693 jaoe
554 635 714 687 dicitur,
743 635 885 679 deinde
911 636 1111 688 concubia,
1140 636 1284 680 deinde
1309 638 1618 693 intempesta,
1648 652 1750 694 quae
1776 652 1854 680 non
1883 637 1996 680 babet
2023 637 2208 679 idoneum
2235 642 2390 691 tempus
2417 637 2532 678 rebus
2557 649 2626 693 ye-

282 715 429 758 mdis.
489 714 648 757 Omitto
677 718 818 758 cetera
846 715 1022 758 Stilonis
1049 716 1284 771 fragmenta
1321 728 1431 770 quae
1460 715 1512 758 ad
1542 717 1612 757 ius
1640 716 1851 770 pertinere
1880 715 2099 768 videntur,
2134 727 2233 757 cum
2273 724 2342 757 res
2376 715 2470 770 ipsa
2498 728 2625 770 quam

285 793 598 851 comprobaturi
626 806 796 837 eramus
826 794 1062 837 clarissima
1091 795 1165 837 sit:
1212 793 1327 837 unde
1355 795 1471 836 enim
1501 792 1625 836 nobis
1655 793 1775 849 plura
1805 794 2190 837 vetustissimarum
2217 793 2361 849 legum
2391 795 2627 850 fragmenta

283 875 562 916 innotuerunt
590 887 717 928 qnam
748 887 805 916 ex
833 873 1154 928 glossographis
1183 874 1260 928 qui
1288 873 1462 915 fuerunt
1489 872 1590 915 inde
1619 887 1644 915 a
1675 872 1898 916 Varrone?
1943 874 2017 928 qui
2048 885 2097 916 eo
2127 874 2221 929 ipso
2249 873 2357 927 loco,
2387 872 2502 916 unde
2530 886 2625 928 pro·

282 954 382 995 fecti
410 966 582 1006 sumus,
624 956 685 994 tot
714 956 906 995 veterum
933 952 1333 995 commentariorum
1364 952 1566 995 formulas
1593 952 1786 1007 exhibet,
1831 957 1878 995 ut
1907 954 2092 1008 suspicio
2123 954 2304 1007 oriatur,
2349 953 2454 996 haec
2482 953 2627 996 omnia

287 1033 388 1075 inde
417 1046 441 1075 a
470 1035 496 1086 ξ
525 1033 579 1075 86
615 1046 671 1075 ex
701 1032 931 1086 Cosconio,
974 1045 1101 1087 quem
1132 1035 1433 1084 commemorat
1460 1032 1632 1074 demum
1663 1032 1688 1086 ξ
1718 1033 1788 1085 89,
1828 1031 1993 1074 sublata
2021 1044 2139 1085 esse,
2170 1045 2427 1087 quamquam
2458 1033 2502 1074 id
2526 1032 2630 1075 nolo

291 1125 367 1168 pro
390 1115 504 1155 certo
531 1123 700 1168 ponere.
758 1110 911 1167 Neque
941 1122 1092 1167 operae
1120 1113 1299 1167 pretium
1331 1113 1410 1165 est,
1438 1123 1496 1153 ex
1526 1110 1728 1153 Varronis
1756 1112 1922 1166 scriptis
1951 1111 2182 1166 fragmenta
2210 1123 2322 1167 quae
2350 1111 2404 1155 ad
2433 1113 2503 1155 ius
2531 1125 2627 1167 per·

288 1192 428 1234 tinent
455 1191 729 1247 grammatica
758 1190 978 1246 colligere,
1022 1190 1134 1246 quod
1165 1190 1202 1231 si
1231 1189 1435 1243 facerem,
1477 1192 1522 1231 ut
1556 1190 1598 1230 in
1640 1202 1686 1231 re
1723 1193 1822 1232 nota
1857 1189 2074 1232 fastidium
2112 1203 2327 1233 moverem
2367 1190 2623 1246 legentibus.

283 1270 453 1322 Quanto
481 1272 597 1313 enim
628 1269 767 1312 studio
796 1269 930 1311 Varro
959 1281 1027 1311 res
1055 1269 1207 1322 adius
1236 1270 1495 1325 pertinentes
1524 1270 1719 1323 tractarit,
1746 1270 1872 1311 etiam
1910 1270 2126 1324 inscriptio
2154 1270 2295 1324 operis
2333 1270 2383 1311 de
2409 1271 2498 1311 iure
2524 1270 2629 1311 civili

284 1351 558 1394 demonstrat.
596 1349 690 1401 Qua
716 1351 761 1392 in
791 1361 837 1391 re
865 1349 1108 1404 posterioris
1137 1349 1232 1391 aevi
1260 1348 1523 1405 grammatici
1553 1361 1653 1390 eum
1675 1350 1809 1391 secuti
1832 1351 1945 1403 sunt,
1976 1340 2023 1391 ut
2043 1347 2187 1404 Capito
2207 1352 2250 1391 et
2268 1348 2467 1402 Cincius;
2497 1351 2624 1405 atque

283 1431 328 1474 C.
357 1431 509 1473 Aelius
538 1429 698 1477 Gallus.
728 1440 855 1483 quem
895 1429 1065 1483 saepius
1102 1430 1202 1471 citat
1236 1440 1294 1471 ex
1324 1426 1474 1470 Verrio
1515 1427 1687 1481 Festus,
1723 1427 1853 1470 libros
1882 1429 2106 1482 scripserat
2136 1429 2185 1470 de
2225 1428 2508 1483 affuisti-atione
2543 1442 2625 1470 ver·

280 1511 421 1551 borum
450 1522 551 1565 quae
585 1508 644 1549 ad
670 1509 732 1549 ius
757 1507 960 1561 pertinent
999 1507 1068 1562 (cf.
1095 1507 1202 1550 Gen.
1234 1505 1342 1549 XVI
1373 1508 1413 1561 5,
1443 1507 1507 1561 3):
1539 1508 1623 1549 iam
1656 1520 1753 1549 cum
1784 1506 1894 1562 apud
1924 1506 2098 1549 Festum
2128 1520 2257 1561 saepe
2287 1507 2439 1550 Aelius
2469 1507 2622 1550 citetur

282 1590 442 1633 omisso
471 1588 738 1644 cognomine,
767 1586 937 1630 difficile
967 1600 1093 1643 saepe
1136 1590 1203 1630 est
1231 1587 1366 1641 dictu,
1402 1590 1494 1630 uter
1522 1584 1785 1642 significetur
1818 1585 1885 1640 (cf.
1925 1585 2161 1629 Schoellius
2197 1588 2240 1628 in
2281 1585 2469 1629 editione
2511 1585 2621 1642 legis

282 1667 370 1710 XII
401 1667 639 1710 tabularum
670 1680 711 1721 p.
741 1666 795 1708 26
826 1678 917 1720 sqq.
975 1664 1357 1719 Reitzensteinius,
1389 1666 1686 1709 Verrianische
1723 1666 2026 1721 Forschungen
2063 1680 2102 1721 p.
2133 1666 2190 1708 88
2218 1667 2351 1720 sqq.)‚
2381 1668 2428 1707 ut
2464 1665 2624 1717 vIdeas,

283 1760 411 1802 quam
445 1746 635 1790 incertus
664 1746 720 1788 sit
748 1745 872 1788 limes
902 1759 987 1801 quo
1017 1746 1279 1801 grammatici
1310 1744 1496 1788 officium
1525 1744 1791 1788 discernatur
1821 1759 1847 1788 a
1875 1744 2186 1797 iurisconsulti3
2224 1757 2309 1800 qua
2337 1744 2382 1786 in
2413 1756 2460 1787 re
2480 1744 2571 1787 sola
2598 1758 2624 1787 a

281 1826 447 1880 graecis
484 1825 770 1879 grammaticis
806 1837 904 1866 cum
941 1837 1095 1878 magna
1124 1836 1203 1865 sua
1232 1823 1356 1865 laude
1392 1824 1510 1864 latini
1546 1823 1756 1865 differunt.
1817 1823 1931 1865 Hinc
1967 1825 2093 1865 etiam
2130 1825 2174 1865 in
2210 1825 2450 1877 postremae
2478 1824 2626 1864 aetatis

279 1904 499 1960 glossariis
524 1903 796 1958 explicantur
825 1915 952 1957 saepe
981 1901 1190 1944 vocabula
1217 1902 1339 1954 iuris,
1367 1901 1418 1943 cf.
1449 1900 1606 1943 Loewii
1637 1901 1894 1944 Prodromus
1925 1902 2228 1956 glossariorum
2260 1915 2287 1956 p
2317 1901 2385 1944 97.
2443 1899 2625 1944 Rudorf-

280 1982 366 2024 fins
397 1985 474 2024 act.
507 1981 621 2024 acad.
650 1981 788 2023 Berol.
818 1994 854 2022 a.
890 1981 998 2022 1865
1028 1994 1066 2036 p.
1101 1981 1178 2022 181
1210 1992 1302 2035 sqq.

503 2071 697 2113 Ceterum
737 2083 860 2113 versa
898 2071 989 2112 vice
1028 2070 1155 2112 etiam
1193 2071 1483 2112 iurisconsulti
1520 2071 1615 2113 data
1655 2071 1875 2113 occasione
1910 2071 1963 2113 de
1992 2069 2122 2112 rebus
2165 2070 2218 2112 ad
2258 2071 2387 2113 vitam
2419 2072 2624 2127 privatam

280 2151 558 2195 attinentibus
587 2150 764 2193 uberius
800 2162 930 2206 quam
968 2162 1036 2192 res
1066 2151 1158 2206 ipsa
1197 2149 1414 2206 flagitabat
1447 2150 1646 2193 videntur
1681 2150 1932 2206 disputasse.
1994 2150 2115 2193 Certe
2151 2152 2249 2193 Atei
2285 2149 2501 2207 Capitonis
2539 2164 2623 2193 non

279 2244 418 2287 pauca
445 2233 595 2274 extant
622 2230 832 2273 eiusmodi
861 2230 1108 2286 fragmenta,
1138 2230 1255 2273 velut
1282 2233 1389 2273 teste
1416 2229 1555 2273 Plinio
1584 2231 1642 2285 (n.
1671 2230 1708 2272 Ιι.
1740 2230 1843 2273 XIV
1878 2232 1944 2272 92.
1975 2229 2125 2272 XVIII
2155 2231 2248 2282 107)
2282 2231 2337 2273 de
2375 2232 2466 2273 viui
2495 2244 2625 2286 gene-

279 2311 400 2354 ribus
429 2325 455 2353 a
482 2310 633 2353 Plauto
658 2311 999 2353 commemoratis
1028 2310 1160 2363 (Pers.
1189 2310 1242 2352 8⁷
1275 2323 1335 2366 sq.
1369 2310 1516 2351 Pseud.
1550 2311 1642 2352 741.
1675 2310 1960 2351 Aeliaristionis
1990 2310 2035 2351 fr.
2068 2309 2139 2363 II),
2169 2314 2343 2352 secutus
2373 2309 2623 2353 Scaevolam

280 2393 324 2432 et
351 2392 497 2445 ipsum
526 2389 894 2442 iurisconsultum,
922 2392 964 2431 et
992 2389 1046 2431 de
1076 2391 1250 2443 artoptis
1286 2390 1418 2432 ascito
1448 2401 1576 2432 versu
1613 2388 1810 2431 Plautino
1848 2389 1965 2444 (Aul.
1992 2390 2092 2443 400)
2122 2389 2324 2444 idemque
2353 2393 2460 2432 teste
2486 2389 2622 2432 Gellio

280 2468 388 2524 (XX
417 2471 461 2520 2)
492 2468 544 2511 de
573 2467 815 2511 siticinibus
849 2469 924 2522 qui
954 2467 1065 2523 apud
1094 2468 1255 2523 priscos
1291 2469 1336 2510 in
1366 2468 1514 2511 funere
1550 2468 1715 2523 agendo
1750 2467 1853 2510 tuba
1891 2480 2043 2510 canere
2079 2468 2274 2511 solebant
2310 2468 2535 2522 disseruit,
2570 2469 2620 2511 cf.

279 2547 540 2590 Ritscbelius
572 2545 785 2602 Paret-gon
822 2559 861 2602 p.
894 2546 974 2587 370
1004 2559 1097 2602 sqq.
1158 2546 1308 2602 Neque
1344 2545 1397 2588 ab
1433 2547 1527 2602 ipsa
1561 2545 1788 2587 verborum
1822 2545 2169 2601 interpretatione
2205 2545 2335 2587 alieni
2371 2550 2492 2588 erant
2527 2547 2618 2588 Au-

277 2629 453 2682 gusteae
482 2627 631 2669 aetatis
669 2626 980 2678 iurisconsulti,
1010 2626 1128 2668 velut
1155 2626 1299 2667 confer
1330 2638 1440 2680 quae
1477 2626 1530 2667 do
1567 2624 1619 2666 Μ.
1660 2625 1846 2666 Antistio
1880 2623 2076 2666 Labeone
2118 2623 2265 2666 scribit
2302 2624 2468 2666 Gellius
2513 2623 2623 2666 XIII

281 2705 348 2759 10,
380 2705 402 2746 l
434 2717 515 2760 sq.:
545 2702 682 2745 Labeo
710 2703 904 2744 Antistius
946 2703 1047 2744 iuris
1074 2703 1233 2758 quidem
1260 2703 1383 2744 civilis
1424 2702 1676 2756 disciplinam
1704 2701 1928 2756 principali
1965 2703 2095 2744 sttcdio
2136 2703 2307 2744 ever-aua
2339 2710 2375 2745 et
2418 2704 2620 2745 consulen-

277 2784 379 2824 tibus
408 2784 457 2825 de
484 2784 572 2825 iure
590 2783 752 2836 publice
778 2783 1065 2837 responsitatdt,
1094 2790 1150 2823 set
1178 2789 1396 2824 ceterarum
1414 2796 1566 2837 quoque
1586 2782 1780 2823 bonarum
1808 2782 1956 2821 artium
1977 2797 2056 2822 non
2074 2796 2216 2836 eoepers
2234 2782 2323 2837 fuit
2342 2789 2378 2822 et
2405 2783 2448 2823 in
2474 2797 2614 2837 qram-

277 2862 465 2903 maticam
491 2875 572 2903 sese
598 2868 717 2919 atque-
744 2862 990 2903 dialecticam
1025 2861 1250 2917 litterasque
1285 2861 1525 2917 antiquiores
1552 2860 1784 2916 altioresque
1812 2867 2104 2913 penetraverat,
2135 2859 2456 2916 Latinarumque
2485 2876 2621 2902 vocum

273 2940 446 2996 on'qines
484 2941 730 2997 rationesque
763 2940 1048 2995 percalluerat,
1089 2953 1211 2996 eaque
1247 2941 1469 2995 praecipue
1509 2940 1668 2980 seientia
1712 2939 1769 2979 ad
1796 2939 2026 2980 enodandos
2072 2939 2281 2997 plerosque
2319 2941 2419 2980 iuris
2461 2940 2620 2997 laqueos

279 3020 471 3061 utebatur.
501 3027 591 3061 sunt
618 3020 719 3061 adeo
748 3019 843 3061 libri
862 3026 957 3072 post
984 3026 1150 3060 mortem
1177 3020 1261 3061 eius
1288 3019 1385 3060 editi
1403 3019 1473 3074 qm·
1501 3019 1760 3072 ‘posteriores'
1798 3015 2076 3069 inscribuntur,
2105 3034 2276 3075 quorum
2303 3020 2498 3062 librorum
2542 3028 2619 3061 tres

274 3097 462 3147 continui,
509 3098 727 3140 tricesimum
763 3104 919 3139 octavus
947 3104 982 3139 et
1015 3097 1232 3139 tricesimus
1265 3111 1391 3139 nonus
1427 3104 1462 3139 et
1496 3097 1835 3153 quadrayesimm,
1859 3097 1975 3151 pleni
2014 3104 2105 3139 sunt
2141 3098 2187 3140 id
2223 3113 2345 3153 yemis
2378 3113 2514 3141 remm
2554 3098 2620 3139 ad

276 3177 617 3218 enarrandam
652 3184 694 3219 et
726 3177 1087 3218 inlustrandam
1139 3176 1363 3231 linquam
1406 3174 1639 3217 Latinam
1679 3176 1986 3218 conducentium.
2043 3176 2159 3220 Hinc
2194 3180 2369 3234 apparet
2406 3191 2492 3234 quo
2521 3178 2615 3219 iure

281 3253 518 3298 Schoellius
546 3257 594 3299 in
625 3255 706 3298 XII
735 3256 975 3299 tabularum
1010 3257 1202 3312 reliquiis
1231 3269 1272 3312 p.
1305 3257 1372 3310 10,
1401 3256 1428 3296 3
1457 3257 1688 3312 scripserit:
1714 3255 1915 3298 ‘Omnino
1946 3257 2027 3298 ista
2046 3260 2182 3299 aetate
2197 3257 2276 3299 liae
2296 3258 2500 3299 scientiae
2530 3270 2615 3299 non

280 3335 365 3374 tam
396 3336 523 3377 certis
551 3336 711 3378 finibus
739 3338 852 3379 inter
880 3349 927 3378 se
956 3336 1193 3378 disiunctae
1222 3335 1374 3389 erant'3
1405 3336 1505 3377 hinc
1533 3335 1720 3391 denique
1747 3335 1919 3389 factum,
1950 3339 1998 3377 ut
2027 3337 2103 3391 qui
2132 3336 2303 3378 saeculo
2330 3335 2396 3378 XI
2417 3338 2462 3378 in
2492 3335 2613 3378 Italia

277 3411 383 3452 iuris
414 3414 633 3456 seientiam
665 3416 980 3468 resuscitarent,
1008 3428 1034 3457 a
1057 3416 1341 3470 grammaticis
1361 3414 1729 3470 proficiscerentur
1746 3414 2084 3470 quaestionibuS,
2103 3415 2154 3457 cf.
2173 3415 2529 3470 Giesebrechtius,
2552 3413 2617 3456 De

278 3489 512 3535 IItterarum
540 3494 694 3538 studiis
723 3495 835 3551 apud
866 3494 991 3538 ltalos
1019 3497 1169 3552 primis
1197 3495 1326 3539 medii
1352 3496 1450 3539 aevi
1480 3495 1663 3538 saeculis
1691 3493 1900 3551 (Berolini
1932 3495 2054 3548 1845)
2081 3508 2122 3551 p.
2148 3497 2216 3539 21.
