3039 3877
1398 293 1450 300 --
1510 267 1598 311 XII
1656 293 1709 302 --

368 395 477 435 euius
510 394 690 451 fabellae
733 401 902 449 propter
946 393 1179 448 eleyarttiaemi
1220 393 1412 433 sermonis
1452 393 1702 447 putabantur
1738 410 1765 434 a
1806 396 1849 435 (J.
1881 392 2023 435 Laelio
2065 393 2203 442 soe-iba·
2246 393 2435 449 itemque
2473 392 2728 449 Pacuvium,

374 475 534 518 Oscum
567 479 608 518 et
638 476 811 518 natione
847 477 888 516 et
925 474 1112 527 nomine,
1152 472 1262 515 male
1302 472 1492 516 locutum
1522 485 1620 516 esse
1650 472 1794 516 Cicero
1836 473 1939 515 dicit
1968 472 2090 515 Brut.
2123 473 2190 529 74,
2220 474 2316 516 258.
2376 455 2518 531 Atque
2547 471 2728 531 ‘fingam

373 556 589 613 quendam
622 554 840 597 Placentia
870 553 1097 596 oriundum
1127 551 1385 595 Hortensius
1416 554 1699 609 reprehendit,
1729 555 1804 610 qui
1833 554 2040 608 preculam
2069 567 2144 610 pro
2166 553 2343 609 peryula
2378 553 2538 598 diceret
2565 553 2728 609 (Quint.

374 637 392 678 1
426 639 465 690 5,
498 637 582 690 12),
614 639 658 677 ut
688 637 733 676 in
764 634 886 675 Livio
916 632 1242 675 Patavinitatem
1276 634 1535 688 vituperavit
1561 635 1743 676 Asinius
1775 633 1922 677 Pollio.
1989 632 2188 690 Denique
2224 633 2278 676 ct.
2308 633 2391 676 Cic.
2413 648 2497 689 pro
2526 633 2650 676 ΑνυΙι.
2676 625 2732 676 26

374 719 427 760 do
458 717 505 767 Q.
529 716 700 758 Metello
731 715 826 757 Pio:
858 714 928 770 qui
956 727 1076 769 usque
1105 727 1148 755 eo
1177 713 1225 754 de
1251 714 1332 754 ειιίε
1351 713 1468 755 rebus
1495 714 1615 755 scribi
1642 722 1812 768 cuperet,
1843 722 1884 754 ut
1913 714 2029 755 etiam
2049 714 2260 756 Cordubae
2287 715 2393 755 natta
2406 714 2549 769 poetis,
2583 714 2733 770 pinque

375 797 569 853 quiddam
611 794 838 835 sonantibus
882 800 998 849 utque
1036 793 1310 848 pereyrz'num,
1355 800 1486 835 tamen
1523 808 1640 835 (utres
1678 808 1771 835 suas
1806 794 1968 835 dederit.
2028 793 2222 836 Ceterum
2265 793 2450 837 breviter
2485 806 2642 838 moneo
2675 807 2732 837 ne

378 877 480 917 haec
514 875 686 930 quidem
718 872 1009 915 Romanorum
1040 872 1180 914 studia
1206 874 1372 914 secerni
1402 885 1527 928 posse
1558 886 1582 915 a
1612 872 1869 915 Graecorum
1908 871 2077 926 studiis,
2114 872 2272 928 quibus
2302 885 2457 929 purum
2488 885 2730 916 sermonem

379 957 565 997 Atticum
608 965 854 1009 recuperare
895 951 1106 994 volebant.
1172 951 1234 994 Cf.
1277 953 1463 993 maxime
1503 951 1747 995 Ciceronem
1789 952 1837 993 de
1866 966 1923 993 or.
1964 951 2028 993 111
2062 952 2127 1005 ll,
2162 952 2217 994 40
2247 964 2355 1008 sqq.‚
2397 951 2470 994 ubi
2506 955 2731 1008 postquam

379 1049 516 1078 sermo
545 1033 735 1077 urbanus
766 1035 973 1088 quantum
1005 1031 1180 1074 distaret
1215 1045 1240 1074 a
1273 1032 1431 1074 rustico
1466 1032 1680 1088 exposuit,
1710 1032 1837 1074 adicit
1866 1032 1937 1086 (42
1966 1032 2064 1087 sq.):
2111 1030 2214 1073 Ιιαησ
2241 1031 2329 1073 dico
2357 1032 2602 1083 suavitatem,
2632 1046 2734 1089 quae

377 1116 454 1157 emit
483 1130 530 1156 ea·
557 1128 642 1162 ore;
671 1127 772 1170 quae
800 1112 961 1169 quidem
992 1119 1032 1153 ut
1062 1111 1177 1166 apud
1205 1110 1379 1154 Graecos
1408 1111 1646 1161 Atticorum,
1676 1112 1732 1152 sic
1761 1112 1802 1153 z'u
1832 1111 1954 1153 latino
1983 1125 2161 1153 sermone
2186 1111 2302 1153 leuius
2335 1118 2390 1153 est
2417 1112 2524 1154 urbis
2559 1112 2733 1154 maa-ime

375 1197 573 1251 propria.-
603 1194 766 1236 Athenis
803 1194 884 1234 iam
915 1194 985 1234 diu
1014 1193 1196 1235 doctrina
1235 1193 1415 1246 ipsorum
1443 1192 1738 1234 Atheniensium
1775 1192 1920 1233 interiit
1951 1224 1959 1233 .
1982 1223 1990 1232 .
2014 1223 2037 1241 .‚
2076 1199 2208 1233 tamen
2245 1192 2530 1234 eruditissimos
2557 1191 2734 1235 lumzines

382 1276 573 1318 Asiaticos
602 1275 728 1331 quiris
744 1273 991 1315 Atheniensis
1020 1272 1198 1314 indoctus
1228 1287 1304 1313 ηοη
1333 1272 1461 1314 verbis
1488 1271 1558 1313 sed
1586 1286 1680 1313 sono
1713 1272 1825 1321 vocis,
1857 1286 1924 1312 nec
1952 1278 2035 1312 tam
2064 1271 2158 1313 bene
2184 1286 2308 1328 quam
2336 1272 2508 1313 suaviter
2538 1271 2732 1328 loquemlo

367 1357 496 1412 facile
524 1354 740 1409 superabit.

602 1674 745 1716 Pauca
784 1674 892 1715 addo
931 1673 983 1715 de
1015 1672 1200 1715 Varrone
1231 1674 1518 1728 grammatico,
1562 1686 1702 1714 rernm
1736 1675 1999 1714 inc-tricarum
2032 1676 2216 1714 auctore.
2273 1674 2452 1716 Caesius
2490 1673 2652 1716 Bassus
2684 1675 2736 1716 de

380 1768 508 1796 versu
539 1753 894 1807 hendecasyllabo
925 1754 987 1795 Sic
1016 1754 1203 1808 disputat
1233 1753 1315 1794 GL.
1347 1753 1403 1793 VI
1436 1754 1514 1794 2151
1548 1752 1599 1793 Κ.
1631 1754 1770 1807 quinta
1801 1753 1938 1792 divisio
1969 1760 2020 1792 est
2051 1752 2367 1806 hendecasyllabi
2386 1753 2458 1794 hoc
2485 1753 2678 1806 camptu,

944 1840 1074 1873 castae
1103 1832 1285 1873 Pierides
1314 1847 1448 1873 norem
1478 1846 1642 1872 sor-orsa.

382 1929 473 1953 uam
504 1913 713 1953 secumlum
737 1913 917 1966 primum
947 1912 1165 1965 spondeum
1197 1912 1362 1951 insertus
1382 1912 1472 1951 linis
1500 1911 1823 1966 hendecasyllabo
1853 1918 2092 1964 (umpaestus
2113 1911 2279 1952 ionicum
2307 1902 2513 1952 sotadeum
2533 1912 2641 1968 savit
2668 1912 2738 1963 sic,

943 1998 1074 2031 castae
1103 1991 1246 2032 dociles
1280 1991 1460 2032 Pierides
1487 2006 1621 2032 ’iovem
1650 2006 1814 2031 sorores.

381 2089 428 2114 «ur
458 2088 534 2128 quo
564 2087 641 2112 von
673 2079 725 2112 est
756 2071 984 2112 mirandum
1016 2071 1123 2126 qnod
1165 2070 1324 2111 Vari-0
1353 2072 1399 2111 iu
1431 2069 1857 2125 cynoditlascalico
1888 2072 1972 2119 (sut.
2005 2070 2051 2111 fr.
2082 2070 2181 2119 230)
2202 2069 2509 2123 phalaeciou
2539 2078 2739 2112 metrum

382 2153 584 2193 ionicum
629 2152 901 2190 trimetrum
944 2150 1187 2203 appellat,
1234 2151 1398 2205 ,suidam
1435 2152 1603 2191 iom'cum
1647 2150 1848 2190 minorem.
1916 2150 1998 2199 Qui
2032 2150 2435 2203 hendecasyllabum
2466 2149 2737 2193 Phalaecium

381 2233 598 2285 anapaesti
621 2231 877 2271 detractione
907 2243 960 2270 ex
985 2229 1157 2270 sotadeo
1189 2230 1286 2270 oriri
1310 2230 1456 2281 voluit,
1491 2243 1572 2270 non
1604 2232 1763 2284 poterat
1791 2241 1961 2269 versum
1995 2230 2182 2284 incipero
2215 2231 2298 2270 nisi
2328 2243 2352 2271 a
2377 2230 2468 2271 basi
2496 2230 2745 2285 spondiaca:

382 2312 495 2366 quod
526 2324 569 2351 re
602 2323 700 2350 vera
725 2309 822 2350 fecit
843 2308 970 2350 Varro
1001 2311 1043 2349 in
1073 2312 1311 2350 saturarum
1344 2308 1710 2361 hendecasyllabis
1739 2309 1811 2362 qui
1843 2311 1942 2349 sunt
1974 2321 2151 2350 numero
2183 2311 2275 2350 octo
2305 2310 2389 2363 (49.
2417 2309 2507 2351 101.
2531 2309 2612 2350 565
2636 2311 2744 2365 sqq.)

381 2394 422 2432 ct
452 2392 496 2431 in
528 2389 696 2430 duobus
728 2401 834 2443 quos
867 2388 946 2429 sub
978 2390 1164 2442 imagine
1195 2387 1400 2430 Demetrii
1434 2388 1625 2430 Phalerei
1655 2389 1823 2443 scripsit
1854 2387 2037 2439 (Nonius
2068 2402 2107 2443 p.
2140 2389 2252 2442 528).
2316 2387 2478 2438 Quodsi
2509 2389 2588 2430 hae
2617 2388 2670 2430 de
2700 2401 2744 2430 re

383 2472 426 2510 in
459 2472 601 2510 satura
632 2468 886 2523 disputabat,
917 2471 1010 2509 sinc
1041 2468 1171 2509 dubio
1204 2472 1349 2522 poetas
1380 2468 1476 2509 illos
1508 2470 1777 2523 vituperavit,
1807 2468 1882 2522 qui
1912 2481 1985 2523 pro
2008 2467 2098 2509 basi
2130 2468 2357 2524 spondiaca
2385 2468 2648 2510 admiserunt
2679 2456 2763 2510 vel¹

383 2549 634 2590 trochaicam
668 2548 735 2588 vel
769 2547 1010 2601 iambicam,
1041 2560 1125 2602 quo
1156 2548 1199 2588 in
1235 2560 1412 2588 numero
1443 2548 1522 2588 t'uit
1551 2546 1756 2590 Catullus.
1824 2546 1912 2588 Iam
1955 2560 2055 2589 vcro
2087 2547 2202 2589 hunc
2231 2547 2428 2589 videmus
2459 2548 2647 2589 carmine
2679 2548 2746 2600 55,

383 2620 421 2670 h}
446 2639 480 2667 e.
508 2627 550 2667 in
586 2625 779 2667 versibus
801 2627 950 2680 viginti
974 2625 1141 2666 duobus
1165 2638 1376 2679 nusquam
1399 2625 1598 2666 adhibere
1622 2624 1743 2666 basin
1766 2626 1890 2666 aliam
1916 2626 1997 2665 nisi
2020 2624 2308 2680 spondiacam,
2329 2625 2441 2680 quod
2464 2637 2567 2667 casu
2587 2625 2744 2667 factum

384 2719 479 2747 csse
522 2719 648 2747 nemo
691 2706 937 2756 contendct;
980 2706 1110 2746 immo
1142 2706 1215 2745 vix
1258 2704 1435 2746 dubium
1478 2709 1555 2758 est,
1599 2707 1703 2760 quin
1738 2703 1938 2746 Varronis
1972 2706 2217 2747 auctoritate
2248 2708 2466 2761 permotus
2497 2707 2564 2748 sit.
2623 2705 2744 2756 Quod

384 2790 495 2827 rccte
524 2787 659 2827 conici
692 2786 774 2827 alia
805 2798 849 2826 ro
880 2785 1105 2837 evincitur,
1126 2797 1255 2839 quam
1284 2785 1446 2826 detexit
1477 2784 1769 2839 Kicsslingius
1801 2787 1843 2826 in
1875 2786 2133 2839 praefatione
2150 2784 2315 2828 Horatii
2346 2794 2470 2826 ‹ear-m.
2493 2785 2620 2829 ed.11
2642 2799 2682 2840 p.
2706 2787 2746 2828 5.

385 2864 433 2907 In
467 2864 612 2907 codem
636 2864 761 2907 *enim
803 2864 991 2906 carmine
1026 2862 1218 2906 Catullus
1255 2864 1431 2906 alternis
1463 2863 1660 2907 versibus
1700 2878 1774 2921 pro
1806 2864 1973 2918 dactylo
2002 2865 2122 2919 ponit
2163 2865 2415 2922 spondeum,
2444 2869 2490 2908 ut
2523 2880 2684 2907 ora-mus
2712 2865 2749 2907 si

375 2946 487 3001 sbi-te
516 2960 590 2985 nou
628 2945 878 2992 molesmum,
914 2945 998 2985 vel:
1038 2945 1077 2984 in
1109 2960 1252 2998 campo
1282 2946 1543 3000 quaesivimus
1572 2946 1746 2992 «ιηὶηυνθς
1782 2948 1910 3001 atque
1937 2945 2170 3000 spondeum
2204 2959 2288 2988 non
2317 2945 2498 3000 flagitari
2529 2945 2603 2987 sed
2632 2948 2745 2987 recte

385 3025 560 3077 admitti,
591 3026 627 3066 si
660 3024 1040 3077 hendecasyllabus
1071 3038 1125 3066 ox
1156 3025 1328 3066 sotadeo
1361 3029 1563 3077 oreretur,
1595 3024 1883 3079 Kiesslinqus
1921 3025 2084 3076 statuit3
2132 3025 2287 3066 mirum
2326 3027 2467 3067 autem
2508 3027 2586 3079 est,
2632 3026 2745 3081 quod

385 3106 603 3147 alternis
633 3103 873 3146 versibus
902 3105 1043 3159 posuit
1073 3106 1146 3145 aut
1167 3104 1404 3159 spondeum
1436 3107 1509 3145 aut
1535 3104 1750 3158 dactylum
1782 3106 1895 3158 (nam
1916 3107 2011 3160 post
2039 3117 2078 3144 v.
2103 3105 2156 3145 13
2186 3117 2280 3147 eam
2312 3105 2446 3160 ipsam
2477 3104 2529 3147 ob
2559 3117 2747 3159 causam,

386 3187 486 3240 quia
509 3186 609 3227 haec
639 3185 709 3225 lex
733 3184 901 3226 duobus
923 3183 1122 3237 spondeis
1152 3196 1249 3226 sese
1270 3183 1585 3239 excipientibus
1607 3184 1803 3237 violatur,
1829 3186 1942 3227 recte
1966 3197 2100 3226 unum
2122 3196 2295 3226 versum
2325 3184 2594 3227 intercidisse
2617 3185 2746 3241 vulgo

385 3266 612 3318 statuunt):
645 3263 757 3318 quod
788 3264 862 3318 qui
893 3276 916 3305 a
947 3264 1070 3317 poeta
1098 3275 1149 3304 eo
1177 3262 1358 3304 consilio
1388 3262 1543 3305 sactum
1575 3275 1672 3305 esse
1702 3262 1970 3317 arbitrantur,
2011 3266 2057 3305 ut
2086 3263 2291 3318 gravibus
2322 3263 2523 3318 spondeis
2553 3264 2749 3318 pingeret

389 3345 511 3399 quasi
543 3343 759 3384 molestias
781 3341 1026 3397 quaerendi,
1056 3341 1096 3382 id
1119 3340 1479 3396 quemadmodum
1502 3342 1789 3384 demonstrare
1818 3342 1949 3383 velint
1975 3343 2056 3397 ipsi
2083 3341 2266 3383 videant.
2326 3340 2481 3383 Nonne
2509 3341 2607 3384 idoo
2635 3341 2749 3397 fecit,

389 3428 433 3466 ut
449 3422 640 3476 Varroni,
658 3434 807 3464 severo
824 3421 951 3462 iudici
971 3434 1019 3462 ac
1039 3433 1233 3463 summae
1255 3422 1512 3462 auctoritatis
1535 3422 1640 3474 viro,
1655 3422 1870 3476 placeret?
1902 3421 2016 3463 Inter
2032 3407 2224 3463 eiusdem
2241 3423 2338 3463 aevi
2359 3425 2505 3476 poetas
2520 3421 2575 3463 M.
2590 3422 2748 3464 Furius

386 3502 620 3545 Bibaculus
652 3503 695 3543 in
732 3513 936 3542 versuum
969 3499 1259 3555 septendecim
1291 3500 1516 3557 prinpriis
1546 3504 1609 3542 ter
1636 3502 1778 3558 posuit
1808 3500 1996 3544 iambum
2026 3500 2111 3556 (bis
2142 3502 2185 3544 in
2214 3502 2389 3546 nomine
2415 3502 2616 3561 proprio),
2643 3501 2748 3545 alias
