3039 3877
1345 264 1630 308 -v1-

316 389 360 430 in
395 401 522 431 usum
544 389 774 444 rhetorum,
803 402 858 431 ex
889 389 981 445 ipso
1010 388 1126 432 enim
1147 387 1283 443 Livio,
1313 387 1426 444 quod
1448 388 1551 431 satis
1575 386 1847 431 memorabile
1879 388 1981 430 mihi
2004 387 2168 431 videtur
2186 399 2297 443 esse,
2325 387 2493 433 nullum
2520 399 2668 434 exem-

313 469 433 525 plum
463 470 604 511 attulit
621 468 910 511 Woelfflinusz
939 479 1114 523 prorsus
1134 470 1250 510 enim
1279 469 1402 511 aliter
1422 470 1710 524 comparatum
1739 471 1818 522 est,
1834 468 1948 524 quod
1968 480 2106 509 unum
2130 468 2270 510 simile
2291 479 2388 513 esse
2411 468 2514 511 dicit
2531 466 2667 514 xxu

315 550 357 602 8,
389 549 430 589 l:
459 549 555 605 quia
584 554 620 590 et
647 547 782 590 consul
814 547 965 595 aberat,
1003 562 1031 588 a
1066 561 1144 603 quo
1182 561 1259 589 uno
1298 547 1380 589 dict
1404 562 1525 602 posse
1563 547 1766 589 videbatur
1795 547 2016 603 (dictator),
2051 561 2120 590 neo
2152 561 2234 602 per
2274 553 2508 602 coaepamm
2541 546 2670 588 armis

315 626 481 667 Punicis
509 626 676 668 Italiam
704 625 833 683 facile
874 634 960 668 erat
1001 633 1072 667 mat
1107 626 1290 668 nuntium
1330 633 1399 668 aut
1434 626 1585 669 litteras
1616 627 1738 678 mitti,
1782 627 1908 684 quod
1944 639 2203 683 numquam
2242 632 2352 669 ante
2392 639 2498 669 eam
2541 625 2669 667 diem

305 707 501 762 sactum
544 712 668 756 erat,
714 705 945 748 dioeatorem
986 705 1167 759 populus
1210 706 1375 754 creavit,·
1420 707 1624 749 nimirum
1666 705 1836 760 Livius,
1875 718 2019 749 rerum
2056 708 2273 761 gestarum
2312 705 2510 761 scriptor,
2552 706 2667 750 recto

316 796 424 828 usus
452 783 610 828 iudicio
636 797 662 828 a
690 796 808 828 more
835 784 909 827 illo
936 782 1154 828 abstinuit.
1213 782 1362 841 ltaque
1401 784 1612 840 exemplis
1640 783 1726 828 illis
1756 785 1971 841 congestis
1999 783 2274 830 Woelfflinus
2308 797 2397 829 non
2425 782 2552 829 modo
2579 796 2667 829 non

315 863 455 907 effecit
484 863 596 920 quod
628 863 776 918 voluit,
806 863 883 906 sed
909 876 1022 907 novo
1051 864 1213 907 invitus
1245 866 1497 919 argumento
1518 863 1822 920 comprobavit,
1851 864 2076 908 columnae
2104 866 2307 909 rostratae
2332 863 2504 908 titulum
2532 865 2668 909 aetate

317 944 583 1000 imperatoria
610 945 864 998 conceptum
893 956 991 988 esse
1021 943 1222 988 adhibitis
1253 958 1363 1000 quae
1392 945 1437 987 in
1468 957 1513 987 re
1542 944 1674 987 simili
1695 946 1968 988 versarentur
1990 942 2361 1000 inscriptionibus3
2389 941 2502 987 bene
2524 945 2667 990 autem

317 1022 482 1077 accidit,
517 1024 565 1065 ut
594 1023 686 1079 ipse
715 1022 788 1066 ille
817 1021 1006 1078 Duilius,
1034 1017 1207 1081 εὑρετής,
1237 1026 1284 1066 ut
1312 1025 1369 1066 ita
1396 1023 1549 1078 dicam,
1593 1026 1677 1065 τῶν
1714 1019 1821 1081 παρὰ
1852 1018 2073 1080 Ῥωμαίοις
2101 1025 2313 1078 ναιντιιιῶν,
2341 1023 2452 1066 inter
2478 1023 2574 1080 ipsa
2596 1022 2670 1067 illa

319 1096 556 1161 εὑρημάτων
583 1103 784 1158 exempla
812 1106 877 1146 ter
907 1106 1113 1146 occurrat:
1144 1103 1233 1145 Liv.
1259 1117 1346 1157 per.
1380 1104 1431 1144 17
1463 1102 1631 1145 Duilius
1653 1104 1815 1158 primus
1843 1104 2019 1146 omnium
2039 1103 2320 1147 Romanorum
2337 1103 2483 1145 ducum
2514 1102 2670 1148 navalis

315 1182 499 1223 vietor-une
521 1181 650 1222 ‘duxit
684 1181 932 1236 triumphum
946 1195 956 1234 ;
1000 1181 1083 1224 Cic.
1115 1182 1165 1223 de
1193 1196 1270 1223 seu.
1303 1183 1358 1223 44
1390 1181 1579 1231 Duilius,
1623 1183 1694 1239 qm·
1721 1182 1875 1226 Poenos
1903 1182 2024 1225 classe
2044 1182 2208 1237 primus
2236 1182 2448 1231 densarat,-
2489 1180 2592 1225 Sen.
2620 1181 2671 1224 de

314 1261 416 1305 brev.
460 1260 524 1301 vit.
556 1261 624 1313 13,
655 1261 680 1301 3
723 1260 864 1301 audivi
904 1261 1103 1316 quendam
1145 1261 1390 1316 referentem,
1423 1276 1524 1317 quae
1561 1262 1723 1315 primus
1763 1263 1927 1318 quisque
1953 1276 2018 1315 *ex
2055 1262 2253 1304 Romanis
2291 1262 2454 1304 duabus
2485 1263 2669 1318 fecisset:

308 1339 514 1394 primus
548 1338 725 1381 navali
759 1339 957 1394 proelio
986 1338 1191 1382 Duilius
1233 1339 1370 1389 vicit,
1405 1339 1564 1393 primus
1606 1340 1753 1383 Curius
1776 1339 1975 1383 Dentatus
2007 1341 2051 1383 in
2078 1339 2280 1395 triumpho
2308 1340 2422 1384 duxit
2446 1339 2672 1396 elephantos

315 1431 352 1460 e.
385 1433 424 1474 q.
451 1431 514 1461 s.:
557 1419 661 1462 haec
698 1418 861 1462 Seneca
885 1417 968 1481 sibi
996 1419 1127 1462 relata
1155 1431 1254 1462 esse
1287 1421 1429 1462 narrat
1460 1433 1485 1461 a
1523 1419 1798 1474 grammatico
1829 1419 2032 1476 quodam:
2061 1421 2363 1476 grammaticus
2393 1418 2665 1464 mediocriter

315 1496 465 1541 doctus
493 1498 815 1554 inscriptionem
843 1497 962 1541 illam
990 1496 1206 1554 refingens
1250 1495 1519 1541 umbratilem
1558 1496 1841 1541 eruditionem
1870 1496 1992 1541 valde
2021 1498 2322 1554 intempestive
2351 1510 2452 1554 prae
2480 1510 2528 1542 se
2561 1496 2669 1545 tulit.

540 1578 688 1624 Redeo
718 1581 770 1624 ad
799 1580 1018 1625 Ciceronis
1045 1582 1187 1625 locum
1226 1582 1302 1638 qui
1337 1584 1403 1625 est
1431 1581 1485 1625 de
1518 1581 1568 1625 L.
1610 1580 1784 1626 Stilone.
1843 1581 2051 1626 Inventae
2080 1583 2197 1626 enim
2232 1596 2302 1627 res
2337 1583 2463 1626 cuius
2497 1583 2670 1639 generis

315 1661 483 1709 essent,
514 1661 740 1715 postquam
770 1660 972 1715 vidimus,
1010 1662 1141 1704 restat
1165 1663 1213 1704 ut
1239 1662 1529 1717 inquiramus,
1566 1675 1670 1704 num
1697 1661 1802 1705 forte
1831 1675 1887 1705 ex
1915 1662 2034 1705 ‘actis
2063 1661 2219 1717 rebus',
2254 1675 2435 1718 quarum
2463 1661 2668 1706 Stilonem

314 1739 498 1794 peritum
528 1737 664 1782 fuisse
694 1738 841 1782 Cicero
872 1739 988 1794 dicit,
1019 1740 1184 1796 aliquid
1211 1740 1554 1785 concludendum
1576 1742 1634 1784 sit
1654 1740 1706 1785 de
1727 1740 1925 1785 Cosconii
1946 1742 2212 1798 grammatici
2232 1741 2485 1786 actionibus.
2527 1742 2670 1798 Atque

313 1816 612 1861 Mommsenus
633 1818 806 1874 quidem
834 1820 880 1861 in
911 1819 1006 1861 hist.
1035 1818 1158 1862 Rom.
1188 1819 1268 1864 vol.
1291 1818 1350 1861 11⁷
1379 1833 1419 1875 p.
1436 1821 1518 1861 457
1556 1819 1771 1862 Ciceronis
1802 1820 1932 1863 verba
1962 1823 2019 1864 ita
2047 1822 2358 1876 interpretatur,
2389 1823 2435 1863 ut
2464 1819 2670 1863 Stilonem

315 1909 466 1940 omnes
501 1909 570 1939 res
607 1899 654 1939 in
685 1896 915 1940 annalibus
943 1901 1294 1941 commemoratas
1330 1898 1484 1941 studiis
1520 1900 1612 1941 suis
1643 1899 1918 1954 complexum
1963 1912 2060 1942 esse
2089 1900 2220 1953 dicat,
2255 1912 2443 1954 eumque
2479 1900 2671 1954 sequitur

313 1975 491 2018 Iahnius
536 1977 581 2018 in
625 1976 722 2018 adn.
763 1977 816 2019 ad
850 1977 876 2018 1.
914 1990 952 2018 c.
1023 1976 1175 2032 Neque
1219 1976 1401 2019 dubitari
1439 1980 1597 2032 potest,
1641 1980 1744 2033 quin
1789 1982 1902 2022 recte
1942 1979 2024 2032 illi,
2068 1979 2192 2022 modo
2222 1991 2277 2021 ne
2306 1978 2359 2021 de
2389 1977 2670 2021 seditionibus
2718 1967 2724 1973 ⁸

312 2055 440 2098 bellis
457 2055 758 2113 similibusque
773 2056 915 2111 rebus,
930 2069 1040 2112 quae
1055 2057 1101 2099 in
1117 2056 1345 2099 annalibus
1361 2057 1679 2110 enarrabautur,
1695 2057 1902 2100 Stilonem
1918 2059 2059 2114 egisse
2074 2058 2317 2101 credamus:
2333 2058 2465 2100 immo
2481 2058 2671 2100 maxime

313 2135 365 2178 ad
391 2138 580 2192 privatae
600 2137 714 2179 vitae
744 2137 1018 2193 antiquitates
1040 2137 1118 2180 hoc
1141 2137 1315 2180 Stilonis
1344 2137 1580 2181 studiorum
1605 2150 1745 2194 genus
1770 2138 2028 2193 pertinuisse
2052 2137 2326 2182 celeberrimo
2356 2137 2429 2181 illo
2458 2136 2669 2180 academi-

311 2229 458 2258 corum
478 2217 760 2272 posteriorum
782 2218 996 2273 prooemio
1017 2220 1200 2273 apparet,
1229 2231 1314 2273 quo
1336 2217 1503 2273 Cicero,
1529 2217 1632 2274 quid
1651 2221 1748 2273 post
1767 2216 1811 2260 L
1835 2217 1947 2260 Aelii
1967 2221 2145 2260 mortem
2167 2230 2279 2261 unus
2302 2216 2431 2260 Varro
2450 2215 2668 2261 Romanos

311 2296 504 2339 docuerit
530 2299 731 2352 exponit:
764 2312 860 2338 nam
887 2311 973 2347 nos,
1005 2298 1158 2353 inquit,
1177 2297 1218 2339 in
1239 2304 1375 2339 nostra
1395 2298 1490 2338 urbe
1502 2298 1798 2352 pereyrinantts
1823 2298 2071 2354 errantisque
2089 2304 2295 2354 tamquam
2314 2297 2483 2352 hospites
2501 2298 2561 2340 tui
2577 2297 2672 2342 libri

311 2375 428 2430 quasi
446 2374 608 2417 domum
627 2375 883 2426 reduxerunt,
903 2383 946 2418 ut
956 2390 1164 2430 possemus
1183 2376 1403 2433 aliquando
1422 2377 1493 2433 qui
1520 2384 1554 2419 et
1574 2377 1643 2418 ubi
1668 2391 1834 2419 essemus
1852 2391 2061 2431 aqnoscere
2081 2390 2118 2419 e.
2136 2391 2174 2433 q.
2194 2390 2228 2422 s,
2261 2375 2399 2420 Vitam
2420 2380 2563 2420 autem
2583 2378 2669 2432 pri·

311 2456 452 2496 vatam
481 2455 606 2510 quasi
631 2455 679 2496 in
710 2455 885 2511 speculo
912 2455 1097 2511 quodam
1121 2459 1476 2511 repraesentatam
1504 2455 1744 2499 habuerunt
1763 2455 1945 2499 Romani
1973 2457 2018 2498 in
2044 2458 2139 2498 iure
2165 2456 2298 2498 civili:
2319 2455 2392 2499 illo
2414 2456 2545 2511 igitur
2562 2454 2668 2498 Stilo

311 2546 419 2577 usus
449 2536 516 2577 est
542 2546 730 2589 eumque
760 2536 934 2577 secutus
964 2534 1211 2577 Cosconius.
1224 2535 1256 2589 ¹)
1304 2532 1415 2585 Quid
1438 2534 1553 2590 quod
1578 2534 1630 2577 de
1650 2533 1810 2577 Stilone
1832 2534 2043 2590 hodieque
2073 2533 2115 2576 id
2135 2534 2371 2577 certissime
2391 2536 2531 2589 potest
2555 2546 2670 2577 com-

310 2613 492 2670 probari.
531 2612 647 2655 Hinc
671 2614 802 2668 enim,
822 2617 870 2655 ut
886 2627 1024 2669 pauca
1052 2614 1224 2657 afferam
1244 2615 1443 2670 exempla
1472 2627 1496 2656 e
1516 2614 1678 2668 multis,
1695 2613 1800 2656 Stilo
1829 2614 1991 2668 nuptias
2011 2615 2136 2656 dietas
2163 2628 2242 2656 esse
2270 2614 2341 2664 ait,
2362 2614 2457 2669 quia
2473 2612 2670 2670 flammeo

311 2700 433 2748 eaput
461 2693 640 2735 nubentis
666 2694 916 2744 obvolvatur,
955 2695 1064 2750 quod
1090 2695 1248 2750 antiqui
1275 2695 1467 2736 obnubere
1495 2694 1693 2735 vocarint.-
1722 2693 1771 2734 ob
1799 2708 1923 2748 quam
1950 2708 2113 2735 eaaecsam
2151 2693 2303 2748 leyem
2331 2706 2517 2749 quoque
2536 2706 2671 2746 per-

311 2780 547 2815 vetustum
589 2773 721 2815 iubere
747 2781 869 2828 eaput
896 2774 979 2816 eius
1006 2774 1220 2823 obnubere,
1259 2775 1330 2829 qui
1349 2780 1561 2827 parentem
1602 2772 1808 2815 necavisset
1837 2771 1965 2826 (Fest.
1997 2773 2115 2828 170),
2158 2773 2260 2816 hinc
2302 2770 2473 2816 ad-XII
2503 2771 2671 2815 tabulas

310 2851 585 2909 provocabat,
623 2851 783 2908 quibus
813 2852 866 2895 de
895 2854 1009 2895 lesse
1051 2856 1092 2895 et
1131 2853 1295 2895 sontico
1339 2851 1484 2893 morbo
1521 2852 1690 2894 doceret
1728 2852 1830 2907 (Cic.
1860 2853 1910 2893 de
1937 2852 2034 2907 le99.
2064 2850 2108 2892 11
2132 2852 2207 2906 23,
2238 2852 2314 2905 59,
2353 2850 2508 2894 Festus
2541 2852 2668 2906 290):

311 2945 437 2986 porro
464 2933 738 2985 intempestam
767 2934 970 2988 (noctem)
999 2933 1162 2983 dicebat,
1198 2947 1287 2972 cum
1315 2939 1468 2985 tempus
1497 2933 1644 2986 aqendt'
1671 2939 1725 2972 est
1752 2932 1906 2972 nultum
1934 2932 2087 2986 (Varro
2122 2931 2171 2972 de
2197 2931 2221 2971 l.
2251 2931 2277 2972 l.
2313 2929 2373 2972 VI
2400 2931 2457 2986 7),
2495 2930 2609 2986 quod
2646 2943 2672 2974 a

540 3099 580 3138 1)
603 3096 762 3133 Eandem
786 3096 832 3132 ob
855 3106 998 3132 causam
1025 3096 1167 3143 antiqui
1194 3097 1425 3142 grammatici
1456 3097 1566 3133 etiam
1603 3097 1791 3143 proverbia
1813 3098 2095 3144 exploraverunt,
2122 3097 2168 3133 cf.
2194 3096 2306 3132 Varro
2331 3093 2427 3142 apud
2449 3095 2612 3134 Servium
2634 3096 2672 3133 in

309 3154 418 3200 Verg.
445 3166 521 3189 aen.
538 3153 632 3190 VIII
657 3155 736 3196 128,
760 3157 799 3190 et
835 3155 988 3191 maxime
1017 3154 1164 3191 Sinnius
1189 3155 1331 3201 Capito.
1363 3155 1464 3191 cuins
1488 3154 1533 3190 ad
1556 3155 1812 3191 auctoritatem
1836 3165 1918 3191 cum
1941 3155 2149 3201 saepissime
2174 3152 2270 3200 apud
2294 3152 2448 3190 Festum
2474 3151 2676 3189 referantur

314 3212 512 3259 proverbia,
537 3222 618 3248 eum
643 3212 816 3259 peculiari
840 3222 944 3259 opere
968 3212 1011 3248 de
1036 3212 1231 3260 proverbiis
1262 3212 1447 3259 scripsisse
1477 3213 1646 3249 Hertzius
1669 3207 1823 3249 coniecit
1847 3211 1997 3255 (Philol.
2029 3212 2049 3248 l
2083 3211 2153 3249 610
2183 3212 2292 3258 sqq.).
2338 3209 2461 3246 Etiam
2485 3210 2554 3246 hac
2571 3210 2610 3246 in
2634 3221 2673 3246 re

311 3270 466 3306 Romani
496 3270 715 3306 Graecorum
742 3270 898 3315 vestigia
920 3270 1104 3315 legerunt:
1130 3269 1380 3316 Asclepiadem
1404 3270 1500 3305 enim
1529 3270 1751 3314 Myrleanum
1776 3270 1905 3305 Sextus
1940 3268 2142 3314 Empirieus
2178 3268 2289 3303 refert
2312 3267 2406 3310 (ado.
2426 3267 2520 3300 math.
2544 3266 2563 3302 1
2587 3267 2675 3310 253)

312 3330 350 3363 in
378 3328 555 3363 historica
579 3328 839 3372 grammaticae
863 3330 966 3373 parte
989 3328 1150 3374 posuisse
1174 3323 1214 3361 τὸ
1237 3327 1308 3372 περὶ
1330 3328 1525 3373 παροιμιιιῖν.
1575 3328 1688 3371 Quem
1712 3330 1839 3375 postea
1861 3329 2009 3364 secutus
2026 3328 2083 3362 est
2107 3325 2270 3367 Lucillus
2294 3325 2512 3362 Tarrhaeua.
2545 3325 2675 3365 Gram-

310 3384 436 3422 matici
466 3384 589 3429 graeci
611 3395 738 3422 rursus
761 3383 920 3432 pendent
943 3383 988 3420 ab
1012 3383 1220 3427 Aristotele,
1246 3383 1416 3432 primario
1443 3383 1604 3422 omnium
1635 3386 1799 3421 auctore:
1838 3383 1870 3420 is
1894 3383 1990 3420 enim
2014 3382 2152 3430 primus
2181 3381 2354 3420 docuerat
2384 3380 2574 3429 proverbia
2596 3391 2674 3419 esse

308 3442 448 3481 παλαιᾶς
472 3441 662 3487 φιλοσοφίας
692 3440 724 3475 ἐν
748 3444 821 3481 ταῖς
846 3442 1006 3488 μεγίσταις
1023 3438 1216 3487 ἀνθρώπων
1232 3441 1376 3489 φθοραῖς
1393 3438 1602 3488 ἀπολομένης
1626 3440 1913 3489 ἐγκαταλείμματα
1937 3439 2160 3486 περαιωθέντα
2178 3435 2230 3473 διὰ
2248 3439 2422 3486 συντομίαν
2438 3439 2493 3472 καὶ
2509 3434 2676 3481 δεξιότητα

310 3500 446 3548 (Synes.
478 3500 568 3532 laud.
592 3500 681 3537 coln.
706 3500 781 3544 22).
