3039 3877
706 705 1504 798 VNIVERSITATIS
1589 707 2277 797 LITTERARIAE

963 839 2007 932 GRYPHISWALDENSIS

1336 986 1649 1016 BBCTOB

842 1065 1404 1144 EDVARDVS
1482 1065 2139 1144 KoscflwiTz

1034 1266 1405 1342 CONCILIO
1443 1268 1936 1418 ACADEMIOO

1178 1468 1407 1514 CIVIBVS
1450 1469 1806 1515 ACADEMICIS.

545 1737 672 1781 Varro
702 1738 798 1782 del.
829 1739 856 1780 l.
889 1737 962 1792 VI,
991 1738 1065 1781 ubi
1095 1739 1147 1782 de
1178 1740 1355 1781 odicium
1384 1739 1579 1782 vocabuli
1600 1740 1911 1794 significatione
1939 1742 2079 1797 prisca
2097 1741 2290 1797 exponit,
2319 1742 2517 1796 exempla
2544 1742 2661 1783 affert

317 1830 374 1858 ex
400 1818 608 1861 censoriis
637 1816 795 1860 tabuiis
832 1818 876 1871 (ἓ
906 1818 960 1859 86
992 1822 1073 1874 sq)
1103 1821 1145 1860 et
1173 1818 1489 1861 commentariis
1524 1818 1822 1861 consularibus
1857 1820 1903 1873 (ξ
1933 1819 2005 1874 88)
2033 1820 2187 1875 petita,
2215 1822 2343 1874 atque
2372 1831 2472 1861 cum
2501 1819 2545 1861 in
2576 1819 2659 1861 illis

317 1908 468 1951 praeco
497 1896 705 1954 populum
734 1896 898 1938 dicatur
919 1896 1109 1939 inlicium
1141 1909 1307 1951 vocare,
1333 1898 1378 1939 in
1408 1897 1475 1939 his
1504 1909 1725 1951 accensuS,
1753 1898 1857 1939 haec
1885 1897 2000 1939 addit
2028 1898 2068 1951 (ξ
2097 1899 2190 1951 89):

493 1976 545 2032 (Ι)
603 1991 728 2034 quare
755 1976 817 2019 hic
845 1990 1024 2026 accenso,
1068 1976 1148 2019 illic
1173 1977 1369 2031 praeconi
1394 1977 1503 2028 dicit,
1531 1976 1626 2019 haec
1653 1983 1707 2018 est
1734 1991 1882 2018 causa:
1924 1978 1966 2019 in
2002 1976 2153 2034 aliquot
2179 1977 2296 2019 rebus
2328 1978 2420 2018 item
2448 1984 2490 2018 ut
2516 1991 2662 2030 praeco

596 2071 779 2098 accensus
807 2057 989 2106 acciebat,
1019 2072 1045 2096 a
1074 2071 1151 2112 quo
1174 2070 1356 2097 accensus
1384 2070 1535 2112 quoque
1560 2056 1696 2098 dutus.
1729 2071 1932 2098 accensum
1966 2057 2124 2098 solitum
2160 2058 2261 2101 ciere
2289 2056 2457 2100 Boeotia
2484 2057 2661 2106 exaudit,

597 2149 719 2192 quam
747 2135 989 2177 comoediam
1017 2135 1174 2191 Aquilia·
1200 2148 1279 2177 esse
1307 2135 1455 2185 dicunt,
1480 2135 1552 2176 hoc
1576 2148 1715 2177 versu.-

1014 2215 1083 2256 ubi
1100 2215 1286 2268 primum
1314 2228 1495 2257 accensus
1522 2214 1719 2255 clamarat
1746 2213 1963 2255 naeridiem,

596 2293 668 2336 hoc
705 2293 810 2335 idem
838 2293 1106 2334 Cosconius
1150 2294 1199 2334 in
1238 2293 1507 2335 actionibus
1544 2293 1676 2334 scribit
1713 2299 1940 2347 praetorem
1979 2306 2183 2333 accensum
2224 2292 2381 2333 εοίίιιιιη
2409 2306 2488 2334 esse
2516 2293 2660 2341 iube-re,

597 2372 664 2413 nen·
688 2372 725 2415 ei
751 2371 955 2413 videbatur
978 2370 1120 2413 lteram
1145 2384 1223 2413 esse
1256 2371 1432 2420 tertiam,
1463 2370 1678 2412 inclamare
1711 2369 1852 2410 horam
1887 2370 2044 2411 tertiam
2072 2383 2164 2421 esee,
2193 2369 2360 2425 itemque
2388 2370 2595 2411 meridiem
2625 2378 2660 2411 et

595 2449 735 2490 horam
766 2464 923 2490 nonam.

319 2526 456 2577 Quale
492 2527 536 2569 id
567 2526 764 2570 Cosconii
794 2540 901 2583 opus
936 2527 1081 2581 fuerit,
1111 2529 1220 2568 inter
1251 2529 1365 2568 viros
1403 2526 1548 2568 doctos
1580 2525 1813 2579 dubitatur,
1848 2539 1933 2579 qua
1970 2525 2022 2567 de
2062 2537 2109 2567 re
2139 2514 2389 2580 priusquam
2422 2528 2658 2568 accuratius

319 2620 456 2661 agam,
486 2605 571 2649 sub
603 2619 690 2648 uno
720 2609 949 2662 conspectu
977 2619 1136 2660 ponam
1164 2609 1304 2648 cetera
1334 2606 1531 2648 Cosconii
1544 2606 1575 2658 ¹)
1604 2606 1849 2659 fragmenta.

462 2683 541 2737 (ΙΙ)
602 2683 731 2726 Varro
761 2684 810 2724 de
837 2683 862 2724 l.
893 2683 918 2724 l.
951 2682 1005 2725 VI
1036 2683 1090 2724 36
1119 2684 1326 2724 verborum
1353 2685 1390 2724 si
1410 2684 1655 2737 primiqenia
1682 2690 1772 2724 sunt
1800 2682 1857 2722 ad
1884 2683 2004 2731 mille,
2033 2691 2076 2723 ut
2107 2683 2318 2724 Cosconius
2345 2685 2490 2726 scribit.

439 2762 538 2816 (111)
595 2762 825 2804 Suetonius
854 2762 903 2803 de
924 2762 1055 2814 poetis
1084 2763 1126 2803 in
1160 2764 1246 2804 vita
1273 2760 1459 2803 Terentii
1489 2776 1527 2816 p.
1556 2761 1624 2814 32,
1656 2761 1708 2802 13
1732 2759 1852 2803 Reiff.
1876 2760 1926 2812 Q.
1958 2761 2169 2803 Cosconius
2187 2761 2413 2804 redeuntem
2448 2778 2468 2804 e
2489 2763 2660 2806 Graecia

591 2840 745 2895 perisse
773 2840 815 2882 in
844 2840 950 2881 mari
976 2840 1070 2882 dicit
1097 2842 1171 2894 (sc.
1201 2839 1463 2894 Terentium)
1492 2857 1581 2882 cum
1600 2839 1758 2896 fabulis
1784 2840 1975 2883 conversis
2000 2857 2028 2881 a
2057 2839 2298 2883 Menandro.

449 2918 544 2972 (IV)
602 2919 776 2963 Solinus
806 2920 924 2972 2,13
966 2919 1018 2959 ab
1051 2934 1174 2961 uxore
1201 2925 1276 2969 (sc.
1303 2920 1497 2973 Aeneae)
1539 2917 1756 2959 Lavinium
1796 2919 1874 2971 (sc.
1913 2919 2172 2974 appellatum
2218 2932 2315 2961 esse
2359 2921 2469 2962 inter
2510 2934 2660 2962 omnes

601 2999 832 3051 convenit),
851 2999 959 3052 quod
970 3005 1065 3050 post
1093 2999 1234 3038 Troiae
1252 2999 1462 3046 excidium,
1491 2999 1606 3037 sicuti
1624 2998 1834 3037 Cosconius
1851 2997 2048 3050 perhibet,
2068 3006 2211 3053 quarto
2231 3013 2337 3038 anno
2355 3006 2574 3038 astructum
2592 3006 2656 3037 est.

324 3075 373 3116 In
423 3077 490 3117 his
539 3076 738 3118 Cosconii
786 3078 977 3118 notitiam
1029 3077 1106 3117 uni
1151 3075 1295 3118 deberi
1331 3076 1512 3118 Varroni
1552 3077 1826 3130 perspicuum
1869 3079 1953 3117 est:
2001 3075 2194 3117 Suetonii
2243 3077 2361 3117 enim
2412 3077 2553 3117 locum
2608 3077 2660 3116 ad

324 3154 529 3196 Varronis
564 3157 851 3201 auctoritatem
889 3155 1026 3197 redire
1055 3158 1233 3210 constat,
1263 3155 1391 3211 idque
1428 3158 1470 3197 et
1497 3154 1756 3197 Bitschelius
1787 3155 1874 3209 (op.
1906 3153 1971 3196 111
2002 3154 2085 3197 256
2114 3175 2171 3190 =
2208 3154 2381 3196 Sueten.
2413 3154 2562 3209 reliqu.
2594 3154 2658 3196 ed.

324 3230 573 3278 Reiffersch.
602 3247 644 3289 p.
674 3235 775 3289 518)
796 3237 839 3276 et
866 3234 1069 3279 Hertzius
1097 3234 1378 3286 (Fleckeiseni
1422 3234 1566 3275 annali
1604 3247 1641 3276 a.
1672 3233 1795 3287 1862,
1822 3246 1861 3289 p.
1893 3235 1966 3288 52)
2010 3236 2270 3287 statuerunt,
2314 3237 2363 3275 ut
2404 3245 2490 3274 uon
2529 3233 2660 3274 alium

323 3323 421 3354 esse
448 3310 703 3359 Cosconium
735 3313 778 3355 in
821 3312 940 3356 libris
979 3313 1031 3357 de
1059 3314 1208 3368 lingua
1259 3313 1390 3356 latina
1418 3315 1809 3367 commemoratum,
1835 3313 1967 3356 elium
2009 3313 2134 3356 cuius
2169 3312 2462 3356 testimonium
2500 3313 2544 3354 in
2576 3312 2660 3353 vita

547 3435 586 3478 1)
609 3436 685 3475 eie.
709 3437 813 3472 Brut.
836 3436 905 3477 242
928 3436 1025 3473 inter
1047 3437 1205 3472 oratores
1228 3434 1332 3481 ponit
1356 3437 1397 3471 C.
1421 3435 1636 3471 Cosconium
1661 3434 1910 3478 Calidianum,
1949 3435 2012 3482 qui
2036 3444 2122 3472 num
2146 3434 2241 3472 idem
2266 3435 2385 3479 ruerit,
2410 3434 2480 3472 etsi
2502 3436 2660 3479 tompora

325 3490 398 3525 fero
420 3500 615 3535 congruere
639 3493 815 3537 videntur,
838 3503 910 3529 non
933 3494 1085 3530 constat.
