3039 3877
1369 227 1588 270 —xlv
1672 253 1700 260 -

358 351 400 393 in
435 364 522 407 quo
552 346 654 405 talia
682 351 875 405 deceret,¹
900 365 1037 407 neque
1056 348 1344 406 Tyrannionis
1376 352 1482 395 liber
1507 353 1557 395 ele
1583 361 1671 394 arte
1694 353 1974 407 yrumnmtica,
1993 351 2060 396 'ex
2090 366 2177 408 quo
2193 351 2370 396 Varroni
2399 353 2517 396 illius
2542 354 2718 396 rationis

355 431 542 486 cognitio
584 432 758 474 vonisse
794 431 974 486 videtur,
1012 433 1111 475 ante
1147 446 1183 475 a.
1214 432 1300 476 fere
1337 431 1421 475 694
1454 430 1628 475 Varroni
1668 433 1863 475 innotuit.
1933 431 2049 475 Hine
2086 436 2272 475 saturam
2318 432 2432 475 illam
2474 429 2598 475 anno
2629 433 2723 477 fiere

357 509 441 553 696
470 512 752 567 compositam
780 511 915 553 fuisse
939 511 1144 566 seqnitur.
1158 511 1187 562 ¹)

582 590 680 633 Non
724 589 856 633 multo
900 591 1011 645 post,
1059 592 1106 632 ut
1155 589 1233 632 hoc
1282 591 1518 647 adnectam,
1573 593 1700 636 aliam
1748 597 1933 637 saturam
1981 593 2139 638 editam
2184 593 2319 636 fuisse
2368 592 2492 636 facile
2540 592 2717 636 demon-

358 671 480 713 strari
511 673 658 728 potest.
717 668 768 713 In
799 672 942 714 satura
977 670 1093 713 enim
1125 683 1236 726 quae
1275 672 1482 728 inscripta
1521 676 1586 715 est
1627 673 1835 729 δειαρεείε
1866 671 1996 716 Varro
2025 687 2051 717 a
2089 671 2259 716 civibus
2294 675 2463 730 propter
2490 671 2720 729 opprobria

297 813 303 818 ἡ
357 752 422 793 eis
441 752 550 794 factu
573 764 688 794 more
709 752 849 806 priseo
873 752 919 794 in
940 749 1126 793 Tiberim
1155 763 1204 794 se
1224 751 1445 807 depontari
1474 752 1606 809 tingit.
1666 752 1815 809 Itaque
1845 756 2030 797 saturam
2061 753 2178 799 illam
2203 753 2372 809 scripsit
2395 751 2719 809 sexagenarius,

360 833 398 873 Ιι.
432 848 468 874 c.
500 846 613 874 anno
643 832 738 873 698.
799 832 856 872 At
887 844 1031 873 nonno
1061 834 1225 885 poterat
1253 831 1366 874 hunc
1402 834 1551 875 aetatis
1590 834 1819 875 torminum
1859 833 2037 887 fingere,
2079 833 2246 874 etiamsi
2277 832 2441 887 aliquot
2468 833 2596 874 annis
2623 834 2720 886 post

359 914 545 953 saturam
576 909 773 966 scripsit?
832 909 881 951 Id
911 923 1008 952 cum
1040 923 1118 965 per
1147 924 1194 954 se
1223 910 1275 954 ab
1319 911 1436 954 omni
1475 910 1767 967 probabilitate
1812 912 1937 968 plane
1973 911 2207 961 abhorreat,
2247 916 2336 955 tum
2375 914 2594 967 propterea
2630 924 2717 954 nen

359 991 491 1031 multo
534 994 628 1044 post
680 991 748 1032 edi
794 992 944 1044 potuit,
996 991 1098 1044 quia
1135 1003 1249 1032 anuo
1298 992 1378 1032 709
1426 991 1478 1032 ‹le
1530 973 1684 1032 saturis
1730 993 1822 1033 suis
1866 993 1958 1046 ipse
2004 992 2067 1034 sie
2109 992 2276 1033 loeutus
2321 993 2385 1032 est
2438 989 2553 1045 apud
2599 989 2718 1033 Cice-

359 1082 505 1110 ronem
534 1084 592 1110 ac.
620 1076 723 1123 post.
755 1068 776 1110 l
804 1071 831 1111 8
861 1069 903 1109 iu
935 1068 1014 1110 illis
1051 1071 1296 1111 veteribus
1334 1071 1490 1119 nostris,
1530 1085 1632 1126 quae
1670 1069 1913 1124 lllmippum
1950 1070 2098 1112 imitati
2134 1085 2213 1112 non
2251 1070 2502 1125 item-,netuli
2538 1069 2717 1126 quadam

356 1147 556 1190 hilaritate
584 1148 884 1202 consperse'meu.
944 1147 1026 1192 Sed
1059 1148 1136 1192 hoc
1168 1152 1262 1192 utut
1291 1153 1366 1202 est,
1408 1151 1450 1193 in
1483 1149 1632 1192 eadem
1664 1153 1814 1201 satura>
1842 1149 2129 1203 memorabile,
2173 1151 2216 1192 ni
2245 1150 2380 1204 fallor,
2418 1149 2573 1206 legitur
2600 1151 2717 1193 testi-

357 1230 562 1283 monium,
594 1241 679 1285 quo
710 1227 906 1282 efficitur,
933 1229 1105 1284 qnando
1138 1227 1338 1272 Varronis
1374 1231 1650 1286 antiquitates
1690 1231 1903 1272 humanae
1943 1229 2162 1272 absolutae
2200 1229 2369 1272 suerint.
2427 1228 2569 1273 Homo
2599 1230 2714 1272 enim

356 1309 529 1365 quidam
558 1308 612 1350 de
641 1308 764 1364 plebe
796 1307 988 1362 Varroni,
1034 1313 1294 1364 quantopere
1340 1323 1478 1352 mores
1524 1311 1566 1351 in
1613 1311 1735 1365 peius
1778 1310 1924 1350 mutati
1971 1309 2072 1361 sint,
2118 1309 2366 1350 vociferanti
2407 1323 2535 1358 mas,
2575 1310 2715 1365 inquit,

359 1386 520 1435 Maree;
551 1401 742 1429 accusans
770 1402 842 1429 uos
870 1387 1089 1429 munium-is
1119 1389 1370 1444 antiquitates
1409 1390 1474 1443 (fr.
1505 1390 1616 1442 505).
1679 1388 1743 1429 En
1777 1390 1889 1442 ipsas
1925 1388 2240 1443 ‘antiquitates’,
2272 1401 2412 1443 neque
2442 1389 2559 1430 enim
2595 1389 2717 1430 aliter

356 1465 561 1521 pluralem
596 1478 822 1509 numerum
853 1448 1117 1521 interpretari
1142 1469 1312 1522 poteris.
1372 1467 1454 1509 Eas
1485 1469 1615 1522 igitur
1643 1482 1756 1510 anuo
1787 1468 1869 1509 698
1899 1467 2149 1518 absolverat,
2177 1467 2243 1508 vel
2272 1467 2414 1522 paullo
2440 1470 2556 1508 ante:
2585 1468 2715 1509 rumi-

357 1549 482 1588 natur
516 1547 630 1588 enim
660 1558 745 1588 eas.
805 1547 864 1587 At
893 1546 988 1601 lege
1018 1549 1187 1590 saturae
1213 1547 1468 1603 fragmenta:
1499 1549 1771 1604 antiquorum
1802 1553 2041 1603 temporum
2066 1547 2235 1589 laudem
2265 1547 2323 1590 ita
2354 1546 2614 1590 cumulatam
2648 1547 2715 1589 in-

356 1627 520 1680 venies,
552 1630 597 1669 ut
621 1626 665 1668 in
692 1625 776 1668 alia
804 1626 935 1680 nulla,
973 1627 1056 1669 nisi
1085 1627 1263 1670 fortasse
1293 1629 1338 1669 in
1366 1622 1788 1683 γεροντοδιδκσκάλῳς
1836 1627 1948 1682 quod
1978 1627 2135 1682 optime
2171 1626 2419 1682 explicatur,
2460 1627 2497 1668 si
2527 1629 2712 1668 saturam

354 1705 680 1762 antiquitatibus
711 1706 915 1749 confectis
945 1707 1086 1750 statim
1115 1706 1271 1751 editam
1301 1720 1397 1750 esse
1428 1708 1640 1762 ponimus.

2710 1757 2727 1772 Ο

581 1838 619 1879 1)
645 1838 812 1872 Ceterum
841 1836 1046 1876 varronem,
1071 1846 1160 1882 quas
1184 1836 1322 1871 rationo
1347 1836 1586 1871 constituerat
1610 1837 1706 1880 leges
1725 1837 1767 1871 de
1794 1836 1950 1871 versibus
1969 1838 2063 1870 recte
2082 1832 2290 1879 pangendis.
2317 1845 2377 1868 eas
2400 1834 2516 1879 ipsum
2537 1845 2601 1868 usu
2619 1833 2713 1868 obti-

357 1893 488 1934 nuisse,
513 1894 623 1928 etiam
648 1893 718 1928 alio
743 1894 903 1939 exemplo
928 1895 1050 1938 potest
1074 1894 1287 1928 confirmari.
1337 1893 1473 1929 Gellius
1498 1893 1592 1928 enim
1620 1892 1749 1928 xviii
1777 1893 1831 1932 15,
1856 1893 1878 1927 2
1905 1892 1992 1927 haec
2017 1892 2167 1937 profert:
2206 1893 2259 1924 M.
2290 1892 2388 1924 otiam
2423 1892 2533 1924 Varro
2557 1892 2590 1924 iu
2617 1892 2713 1924 libris

354 1951 608 1993 clisciple'narum
630 1951 780 1994 scripsit,
801 1953 1000 1984 observasse
1024 1964 1099 1983 sese
1124 1952 1157 1984 ae’n
1178 1964 1274 1984 versu
1292 1952 1491 1989 leemaaeetro,
1517 1952 1605 1993 qnod
1620 1952 1798 1983 onmt‘modo
1816 1953 1946 1993 quintus
1971 1951 2111 1993 κεικίμθε
2135 1952 2264 1982 verbnm
2287 1950 2405 1989 liniret
2429 1957 2461 1982 et
2478 1949 2566 1991 quod
2579 1950 2713 1991 priores

354 2010 494 2051 quinque
524 2010 708 2052 senu’pedee
733 2021 837 2052 aeque
863 2021 1017 2051 mqqnam
1042 2009 1103 2042 vim
1127 2010 1288 2042 haberent
1312 2009 1344 2041 in
1371 2008 1552 2053 efficiendo
1589 2021 1685 2041 versu
1711 2015 1807 2050 aeque
1844 2009 1908 2042 alie·
1926 2008 2134 2051 posteriores
2158 2014 2293 2049 septem,
2332 2007 2429 2049 idque
2453 2008 2558 2049 ipsum
2582 2007 2713 2040 ratione

353 2067 498 2107 quadam
539 2067 741 2108 ιιμιοιιιεινιϊα
766 2068 859 2107 fieri
891 2067 1037 2102 (Ιίεεενίν.
1101 2066 1202 2109 Quod
1238 2066 1281 2100 de
1306 2076 1453 2101 caesura
1488 2066 1741 2110 semiquinaria
1765 2065 1980 2100 emmimodo
2017 2064 2205 2099 observata
2243 2063 2343 2104 dicit,
2380 2062 2417 2098 id
2455 2062 2639 2099 Bentleins
2674 2062 2712 2098 in

352 2122 615 2158 schediasmate
638 2123 682 2159 de
706 2125 831 2159 metris
856 2124 1082 2159 Terentianis
1108 2127 1160 2170 (p.
1185 2123 1320 2158 XXXV
1345 2134 1398 2168 sq.
1422 2122 1591 2157 editionis
1615 2133 1637 2156 a
1662 2122 1867 2158 Vollbehrio
1895 2125 2041 2168 paratae
2067 2121 2183 2157 Kiliao
2213 2121 2316 2161 1846)
2357 2120 2584 2156 vehementer
2616 2120 2712 2155 vitu-

354 2180 493 2225 pei-avit
517 2181 642 2216 ascitis
668 2181 828 2217 Lucretii
853 2181 987 2217 catulli
1011 2181 1163 2216 aliorum
1189 2180 1360 2225 exemplis
1384 2191 1474 2224 quae
1499 2183 1625 2215 contra
1653 2180 1799 2215 Varron·
1814 2192 1847 2215 m
1873 2181 2041 2215 facerent.
2086 2179 2198 2213 Varro
2224 2182 2356 2218 tam-n.
2383 2179 2444 2225 qui
2468 2179 2585 2223 legem
2613 2178 2711 2213 illam

351 2237 547 2273 secundum
572 2238 748 2274 rationem
786 2239 972 2275 metricam
1008 2249 1116 2285 supra
1141 2241 1455 2274 commemoratam
1492 2238 1747 2279 constituebat,
1785 2238 1860 2283 ipse
1885 2249 1907 2272 a
1931 2237 2056 2280 regula
2079 2249 2145 2272 sua
2173 2249 2241 2272 uon
2266 2236 2418 2272 deflexit.
2467 2236 2593 2281 Neque
2616 2235 2710 2270 enim

351 2296 451 2330 casui
476 2294 716 2336 tribuendum.
755 2295 848 2342 qnod
884 2296 920 2330 in
962 2295 1209 2341 undetriginta
1245 2296 1448 2330 saturarum
1486 2295 1644 2331 versibus
1669 2295 1886 2331 hexametris
1925 2294 2072 2341 quintus
2097 2293 2246 2341 quisque
2271 2294 2425 2341 semipes
2451 2293 2595 2330 verbum
2619 2292 2711 2329 finit.

352 2353 480 2399 Neque
505 2353 600 2388 enim
628 2354 689 2389 hie
714 2366 834 2389 versus
859 2356 986 2389 eontra
1010 2353 1172 2398 regulam
1198 2353 1316 2388 factus
1340 2356 1396 2388 est
1420 2355 1546 2396 (181):

917 2425 1000 2456 eryo
1026 2419 1089 2445 tum
1115 2425 1221 2446 sacra
1247 2412 1368 2455 νεΙίῃιό
1393 2420 1573 2455 castaeque
1585 2415 1730 2456 suerunt

917 2485 974 2504 1‘88
997 2484 1119 2507 vnlness.

352 2530 489 2573 Quibus
513 2530 549 2564 in
577 2529 692 2565 verbis
715 2538 800 2563 saue
826 2528 946 2570 rele‘yt‘o
970 2527 1182 2564 Buecheleri
1206 2530 1262 2564 est
1295 2528 1512 2571 coniectura,
1550 2539 1631 2564 cum
1669 2527 1809 2565 codices
1846 2526 2037 2563 exhibeant
2074 2529 2205 2571 reyiose
2230 2528 2286 2564 vel
2313 2528 2483 2571 releffiose,
2515 2525 2576 2562 sed
2613 2528 2712 2562 certa

352 2588 493 2624 videtur
517 2599 594 2624 esse
618 2586 832 2622 emendatio.
882 2586 1076 2622 Exeusatio
1101 2589 1223 2622 autem
1249 2587 1366 2622 versui
1382 2590 1509 2633 parata
1535 2589 1590 2621 est
1614 2597 1655 2621 ex
1682 2586 1852 2621 vocabulo
1877 2585 2075 2631 composito
2100 2587 2193 2632 quod
2218 2589 2274 2621 cst
2300 2586 2438 2632 rele'ye'q:
2477 2596 2590 2631 neque
2614 2584 2708 2620 enim

353 2649 480 2692 poetas
515 2645 560 2681 ab
584 2645 699 2681 Ennio
738 2655 848 2689 usque
885 2643 930 2678 ad
954 2644 1154 2689 Vergilium
1191 2646 1228 2679 et
1253 2644 1443 2679 Horatium
1470 2643 1774 2689 praepositionum
1800 2645 1908 2679 otium
1935 2644 2255 2688 monosyllabarum
2281 2643 2553 2690 diremptionem
2579 2643 2710 2678 vitasse

353 2705 476 2738 notum
502 2705 567 2738 est.
630 2702 735 2737 Falso
771 2702 892 2736 autem
931 2699 1152 2737 Schmidtius
1188 2701 1225 2738 in
1262 2701 1455 2737 Bitschelii
1493 2701 1743 2746 opusculorum
1784 2702 1848 2737 vol.
1874 2701 1930 2737 111
1957 2713 1990 2746 p.
2016 2701 2097 2743 591,
2130 2713 2235 2747 quem
2272 2701 2435 2746 sequitur
2471 2699 2710 2736 Baehrensius

354 2761 481 2805 fragm.
507 2762 601 2805 poet.
626 2760 725 2794 Rom.
758 2770 790 2804 p.
817 2759 886 2794 ‘296
909 2769 973 2804 sq..
1003 2758 1155 2793 Varroni
1180 2759 1309 2793 tribuit
1342 2759 1403 2804 qui
1428 2758 1522 2804 apud
1554 2758 1736 2803 Hyginum
1760 2759 1834 2800 fab.
1854 2758 1917 2793 221
1947 2761 2072 2793 extant
2097 2769 2217 2794 versus
2253 2758 2305 2803 de·
2332 2753 2469 2804 septem
2492 2757 2709 2804 sapientium

353 2817 472 2853 dietis:
501 2818 537 2852 in
564 2820 701 2864 septem
727 2815 821 2851 enim
850 2816 1006 2851 versibus
1031 2815 1111 2850 istis
1135 2815 1190 2851 bis
1214 2819 1340 2851 contra
1367 2816 1528 2860 regulam
1555 2820 1724 2861 peccatur
1739 2828 1748 2856 ;
1773 2816 1866 2861 quod
1892 2817 1960 2851 etsi
1984 2817 2026 2851 fit
2052 2816 2088 2851 in
2115 2816 2318 2851 nominibus
2343 2815 2513 2862 propriis:

915 2880 1072 2916 ‘optumus
1099 2874 1158 2906 «δι’
1189 2874 1364 2907 Cleobulus
1389 2875 1439 2906 m'e
1463 2874 1609 2913 ‘'urodms’,
1636 2874 1749 2906 incola
1775 2874 1888 2909 [Audi.

916 2944 956 2963 m·
980 2931 1124 2974 Ephyra
1152 2931 1355 2971 Periandro,
1382 2931 1483 2964 doces
1511 2938 1643 2964 ‘cometa
1667 2931 1900 2971 emecle’mnda',

353 2991 473 3024 tamen
501 2990 585 3025 hinc
609 2989 876 3025 excusationem
899 2989 1022 3036 parari
1048 2988 1105 3024 vix
1132 2988 1351 3025 crediderim.

1457 3262 1669 3279 .-.ΟΦ-ἡ
1681 3270 1796 3276 —--—-—-
1850 3271 1853 3274 .
