3039 3877
1325 270 1584 312 --V-

288 391 407 444 Quae
426 393 555 438 verba
575 396 676 451 quia
705 409 787 439 non
810 397 911 439 satis
928 396 1150 451 diligenter
1178 398 1351 440 tractata
1383 399 1521 455 sunta
1541 394 1738 451 Mentzio,
1769 398 1841 452 qui
1865 397 2126 438 novissimus
2146 395 2256 438 bene
2291 397 2377 451 egit
2393 396 2445 438 de
2466 396 2626 439 Stilone

286 473 455 527 (comm.
484 474 584 530 phil.
610 473 709 517 Jen.
738 474 798 516 lV
832 476 972 530 1890),
1003 489 1080 518 nos
1109 476 1239 532 paulo
1267 476 1503 519 accuratius
1540 476 1828 531 inspiciamus.
1888 475 2080 523 Primum
2114 476 2244 531 igitur
2274 475 2419 518 Cicero
2449 475 2624 517 Stilonis

285 554 479 607 peritiam
516 555 779 609 antiquitatis
822 556 865 596 in
907 555 1036 597 rebus
1067 557 1253 597 inventis
1298 555 1523 611 praedicat:
1568 568 1676 610 quae
1710 568 1859 610 graece
1904 550 2110 612 εὑρήματα
2152 567 2250 598 esse
2295 554 2494 597 Iahnium
2538 567 2624 596 non

285 632 415 687 sugit:
447 632 545 675 addi
573 635 713 688 potest
740 632 977 676 confirmari
1007 634 1222 676 Ciceronis
1252 634 1304 676 de
1335 634 1523 676 Varrone
1554 632 1729 675 Stilonis
1759 637 1962 676 sectatore
1991 634 2284 676 testimonium
2314 633 2452 676 Servii
2481 631 2626 674 verbis

290 713 333 754 in
366 711 492 768 Verg.
523 726 608 754 aen.
640 711 720 754 VII
769 713 863 767 176,
893 712 967 754 ubi
999 711 1228 754 Varronem
1256 714 1299 754 in
1330 712 1450 754 libris
1474 713 1523 753 de
1548 719 1659 765 yeme
1675 728 1726 765 p.
1752 712 1805 753 R.
1838 714 2092 767 exposuisse
2123 713 2238 765 dicit,
2267 711 2366 767 quid
2390 711 2573 752 Boviani
2598 726 2623 751 a

286 804 442 847 quaque
468 791 673 833 &raa-erint⁴
699 798 811 846 yeme
833 806 912 845 per
947 791 1203 833 imitationem
1244 792 1310 846 (cf.
1340 791 1528 844 Kettner,
1574 791 1854 833 Varronische
1884 792 2060 834 Studien
2090 806 2131 848 p.
2162 792 2253 845 60):
2282 791 2326 832 id
2356 791 2472 832 enim
2502 802 2626 844 argu·

286 863 477 912 mentum
507 871 731 913 artissimis
759 871 943 913 vinculis
971 884 1185 914 conexum
1215 884 1311 914 esse
1339 885 1436 913 cum
1461 870 1578 912 libris
1609 882 1716 925 quos
1745 871 1829 926 περὶ
1864 864 2097 926 εὑρημάτων
2124 868 2405 912 condiderunt
2433 870 2626 910 auctores

288 953 331 992 ot
361 949 510 992 Graeci
538 952 580 993 et
607 950 790 993 Romani
819 952 1088 993 notissimum
1120 955 1202 1003 est3
1242 951 1345 1006 quid
1383 951 1495 1006 quod
1526 964 1626 992 casu
1656 949 1810 992 factum
1842 953 1925 1002 est,
1970 953 2017 993 ut
2052 952 2093 993 in
2125 951 2294 993 miseris
2315 962 2426 1005 quae
2447 951 2625 991 aetatem

283 1028 419 1070 tulere
449 1028 624 1071 Stilonis
646 1029 891 1084 fragmentis
922 1042 1056 1070 unum
1086 1031 1330 1072 inveniatur
1357 1035 1605 1085 argumento
1628 1029 1687 1070 illi
1709 1031 1965 1084 cognatum?
1995 1029 2161 1073 Plinius
2192 1031 2309 1073 enim
2329 1028 2427 1072 η.1ι.
2451 1028 2511 1072 IX
2544 1029 2624 1071 123

285 1107 357 1150 ubi
387 1108 440 1150 de
471 1108 709 1162 margaritis
740 1106 869 1149 verba
897 1107 1010 1162 feeit,
1048 1108 1151 1150 haee
1189 1108 1327 1150 addit:
1373 1108 1529 1150 Romae
1558 1109 1598 1149 ιίι
1636 1108 1910 1161 promiscuum
1951 1123 1998 1149 ac
2029 1109 2280 1164 frequentem
2322 1123 2437 1149 usum
2481 1108 2626 1149 vem'zse

287 1185 540 1228 Alea-andria
579 1186 621 1228 in
650 1186 840 1228 dicimzem
869 1186 1044 1237 redacta,
1078 1187 1261 1241 primum
1292 1194 1422 1228 autem
1462 1188 1629 1241 coepisse
1667 1187 1772 1228 circa
1807 1187 1976 1228 Sullana
2019 1195 2199 1241 tempora
2242 1189 2413 1228 minum
2455 1195 2490 1228 et
2534 1187 2626 1227 viles

288 1265 503 1307 Fenestella
537 1266 661 1307 tradit
697 1266 905 1322 manifhsto
948 1280 1093 1316 errore,
1132 1281 1221 1307 cum
1276 1265 1412 1307 Aelius
1453 1266 1553 1307 Stilo
1582 1266 1817 1320 luqurtliino
1858 1266 1955 1307 bello
1985 1268 2173 1308 unionum
2213 1282 2353 1308 nonzen
2397 1267 2624 1320 impositum

281 1345 454 1387 maxime
480 1345 701 1400 yrandibus
729 1346 961 1399 mamm-itis
984 1347 1145 1399 prodat.
1204 1345 1269 1387 De
1299 1347 1486 1388 inventis
1516 1345 1643 1387 rebus
1676 1346 1781 1387 nihil
1811 1346 2022 1399 adderem,
2059 1347 2143 1387 nisi
2169 1346 2400 1387 Woelfflini
2439 1359 2624 1386 errorem

283 1424 496 1480 quendam
527 1424 802 1467 eximendum
839 1436 935 1466 esse
972 1436 1202 1468 censerem.
1259 1425 1302 1465 Is
1342 1427 1457 1466 enim
1488 1437 1585 1465 cum
1613 1426 1665 1466 de
1697 1426 1920 1466 columnae
1957 1427 2157 1466 rostratae
2188 1426 2461 1479 inscriptione
2493 1437 2627 1478 nuper

281 1503 453 1558 copiose
479 1506 623 1559 ageret
651 1504 790 1558 (nunt.
820 1504 935 1546 acad.
979 1517 1065 1560 reg.
1098 1504 1202 1549 Bav.
1249 1503 1357 1545 1890
1384 1516 1425 1558 p.
1456 1505 1538 1545 293
1569 1505 1702 1559 sqq),
1748 1516 1883 1545 novae
1919 1505 2142 1546 cuiusdem
2184 1506 2253 1546 vol
2295 1507 2407 1546 certe
2453 1504 2623 1546 relictae

283 1584 517 1626 sententiae
560 1586 761 1639 patronus
808 1585 995 1638 exstitit,
1040 1597 1138 1626 cum
1168 1583 1336 1625 titulum
1378 1584 1498 1625 illum
1544 1597 1598 1625 ex
1630 1585 1723 1639 ipsa
1767 1583 1839 1625 illa
1872 1584 2070 1626 columna
2114 1587 2208 1638 post
2248 1583 2417 1625 finitum
2464 1582 2620 1623 bellum

281 1659 492 1704 Punicum
522 1664 707 1717 primum
749 1662 893 1706 Duilio
931 1665 1069 1719 posita
1098 1665 1321 1718 Augustea
1360 1663 1447 1705 fere
1487 1666 1620 1706 aetate
1650 1662 1702 1705 ab
1735 1663 1905 1704 homine
1945 1663 2208 1719 antiquitatis
2257 1663 2516 1718 peritissimo
2547 1676 2622 1703 ox-

281 1755 476 1796 pressum
508 1755 603 1785 esse
633 1743 905 1786 contenderet
948 1744 1209 1798 argumentis
1241 1755 1359 1796 usuS,
1410 1745 1456 1785 ut
1492 1743 1576 1797 ipsi
1609 1742 1779 1798 quidem
1811 1743 1950 1786 visum
2000 1745 2077 1797 est,
2128 1745 2214 1785 tam
2243 1742 2392 1797 firmis,
2444 1745 2492 1784 ut
2521 1742 2620 1783 artis

283 1821 575 1876 epigraphicae
598 1822 797 1864 studiosis
817 1821 970 1864 abhinc
997 1822 1078 1865 alia
1102 1835 1227 1877 quam
1250 1835 1333 1877 qua
1350 1822 1462 1863 soliti
1484 1825 1626 1863 essent
1647 1822 1713 1862 via
1737 1821 2048 1875 procedendum
2071 1833 2167 1864 esse
2188 1821 2464 1876 profiteretur.
2506 1820 2621 1863 Nihil

281 1901 334 1942 ad
364 1913 469 1955 rem,
499 1901 612 1956 quod
644 1902 747 1942 mihi
777 1903 953 1943 minime
981 1902 1206 1956 persuasit:
1243 1904 1383 1943 tamen
1414 1914 1546 1943 unum
1579 1901 1690 1955 quod
1729 1901 1867 1942 attulit
1896 1903 2193 1956 argumentum
2225 1902 2463 1943 accuratius
2502 1904 2548 1942 ut
2575 1900 2619 1941 in

280 1992 325 2020 ro
370 1981 586 2034 proposita
623 1980 726 2021 mihi
770 1980 1092 2034 disceptandum
1131 1983 1207 2023 est.
1281 1978 1387 2021 Cum
1434 1980 1548 2020 enim
1593 1981 1637 2020 in
1669 1980 1790 2021 titulo
1836 1981 1941 2021 haec
1987 1981 2143 2034 scripta
2188 1981 2294 2021 sint:
2334 1994 2418 2021 rem
2459 1979 2622 2020 nar-ehoe

281 2058 416 2098 marid
447 2058 577 2099 consol
610 2059 765 2112 primos
807 2058 948 2114 c[e3et]‚
993 2062 1035 2100 et
1063 2058 1183 2099 clases
1214 2058 1374 2111 primos
1412 2065 1571 2099 ornaret
1594 2065 1860 2113 parare-tque,
1904 2061 1945 2099 et
1989 2057 2175 2114 [primos]
2221 2058 2389 2100 namled
2430 2057 2621 2111 praedata

276 2136 459 2193 popl0[m
488 2137 690 2194 donareq,
725 2123 967 2179 Wbelfflino
1009 2140 1064 2193 (p.
1096 2138 1177 2179 305
1207 2140 1312 2194 sqq)
1358 2138 1461 2179 haec
1501 2141 1691 2180 veterum
1737 2136 2024 2179 Romanorum
2067 2138 2259 2179 animum
2311 2138 2416 2179 mire
2460 2137 2621 2191 spirare

256 2217 372 2258 ,visa
402 2219 523 2270 sunt,
568 2218 641 2272 qui
687 2230 772 2272 qua
799 2220 944 2258 essent
972 2219 1240 2272 antiquarum
1272 2230 1411 2258 rerum
1453 2218 1694 2268 tenacitate,
1740 2218 1776 2256 si
1813 2216 1915 2270 quid
1953 2217 2053 2257 novi
2083 2218 2354 2269 accessisset,
2398 2217 2437 2258 ei
2469 2215 2616 2257 sedulo

278 2295 469 2336 animum
499 2295 774 2339 adverterent.
832 2295 954 2345 Quod
982 2299 1027 2337 ut
1046 2296 1315 2349 demonstret,
1340 2296 1601 2350 amplissima
1620 2297 1749 2336 utitur
1770 2295 1926 2349 quibus
1946 2295 2104 2349 aliquis
2124 2295 2309 2350 aliquam
2333 2309 2423 2337 rem
2454 2296 2617 2350 primus

277 2372 428 2414 fecisse
459 2376 648 2415 narratur
677 2375 973 2428 exemplorum
1006 2375 1135 2429 copia.
1195 2376 1252 2416 At
1282 2387 1392 2429 quae
1422 2374 1592 2416 tandem
1622 2374 1723 2415 haec
1754 2376 1880 2415 sunt?
1926 2375 2291 2429 Antiquissimum
2322 2374 2475 2429 legitur
2503 2373 2615 2428 apud

275 2451 484 2496 Rutilium
504 2452 662 2496 Rufum
688 2454 748 2507 (fr.
766 2454 819 2495 13
839 2452 944 2508 Pet.)
969 2454 1149 2507 primum
1168 2453 1308 2495 lecticis
1327 2454 1526 2501 utebamu-
1557 2454 1748 2508 sequitur
1766 2452 1940 2509 Nepotis
1960 2455 2107 2510 fragm.
2131 2454 2334 2498 librorum
2356 2454 2514 2510 quibus
2544 2455 2613 2496 in·

276 2534 445 2588 scripsit
464 2533 645 2588 exempla
667 2533 778 2589 apud
793 2532 981 2575 Plinium
1000 2549 1039 2574 u.
1053 2533 1090 2577 Ιι.
1105 2532 1302 2575 XXXVI
1318 2534 1390 2575 48:
1399 2533 1585 2586 primum
1596 2534 1751 2576 Romae
1761 2535 1934 2588 parietes
1952 2542 2083 2576 crusta
2100 2535 2316 2576 marmoris
2334 2535 2531 2589 operuisse
2547 2567 2556 2575 .
2575 2566 2583 2574 .
2604 2566 2612 2574 .

276 2613 534 2655 Mamurram
542 2628 559 2661 ;
589 2626 713 2669 porro
742 2615 899 2656 similia
928 2614 1061 2656 multa
1088 2613 1202 2656 addit
1239 2626 1294 2670 ex
1323 2616 1492 2656 auctore
1522 2614 1574 2656 de
1614 2614 1716 2656 viris
1750 2614 1999 2668 illustribus,
2029 2615 2148 2657 velut
2178 2615 2299 2657 haec:
2351 2615 2405 2656 20
2436 2614 2615 2655 Licinius

277 2691 385 2734 Stolo
428 2692 587 2746 primus
633 2692 807 2734 omnium
851 2707 924 2734 sua
965 2693 1044 2746 leqe
1084 2693 1249 2746 punitus
1278 2700 1330 2734 est
1359 2695 1413 2734 40
1444 2694 1621 2747 Requiris
1648 2695 1810 2746 primus
1847 2695 2125 2735 Ronmnorum
2161 2696 2307 2735 diacum
2345 2696 2387 2735 in
2424 2694 2614 2748 Africam

272 2772 433 2814 classem
463 2773 614 2814 traiecit
635 2774 688 2814 47
711 2773 811 2814 Cato
840 2772 1043 2814 basilicam
1071 2787 1141 2814 suo
1167 2773 1322 2814 nomine
1345 2774 1503 2826 primus
1517 2774 1617 2828 fecit
1637 2779 1739 2822 cet.,·
1769 2774 1977 2816 accedunt
1995 2774 2219 2829 periochae
2240 2787 2296 2816 ex
2318 2773 2614 2827 Livio-factae,

272 2851 390 2893 velut
427 2865 513 2906 per.
553 2851 572 2892 l
606 2851 766 2892 Servius
810 2851 959 2892 Tullius
1006 2865 1161 2892 censum
1203 2851 1384 2904 primum
1433 2853 1507 2907 eylt
1548 2852 1598 2893 19
1635 2852 1780 2893 Aledius
1828 2852 2037 2894 Calatinus
2084 2854 2243 2907 primns
2288 2854 2456 2895 ‹laxato›-
2502 2859 2614 2893 extra

272 2931 436 2972 Italiam
465 2931 674 2972 exercitum
703 2930 817 2972 duaeit
858 2933 935 2972 cet.
995 2930 1106 2980 Quid
1143 2930 1299 2986 igitur?
1344 2931 1518 2973 haecine
1560 2931 1853 2985 antiquitatem
1900 2932 2060 2985 spirant
2105 2931 2204 2973 belli
2248 2929 2400 2973 Punici
2446 2930 2609 2985 primi?

273 3010 403 3051 immo
433 3010 491 3051 ita
521 3008 746 3050 abhorrent
776 3008 828 3050 ab
870 3009 942 3050 illa
972 3011 1129 3061 aetate,
1176 3011 1222 3050 ut
1258 3009 1547 3062 apertissimas
1582 3022 1756 3064 graecae
1801 3010 2014 3051 doctrinae
2052 3012 2174 3052 notas
2204 3012 2248 3052 in
2277 3010 2412 3052 fronte
2445 3013 2610 3064 gerant:

272 3089 432 3130 scilicet
459 3088 638 3130 redeunt
673 3088 726 3129 ad
762 3089 1031 3130 notissimum
1060 3088 1298 3129 Aristotelis
1333 3091 1655 3143 ceterorumque
1690 3090 2062 3143 peripateticorum
2090 3088 2279 3131 studium
2307 3089 2555 3144 explorandi
2586 3086 2612 3128 ἂ

271 3164 318 3208 ἄν
347 3183 408 3216 τις
440 3170 598 3224 πρῶτος
637 3165 746 3224 εὕρῃς
786 3180 894 3222 quae
924 3181 1022 3209 cum
1053 3167 1219 3210 fastidio
1256 3168 1437 3222 legimus
1478 3167 1530 3209 ab
1565 3171 1736 3210 exarato
1767 3181 1975 3210 marmore
2018 3167 2142 3210 Pario
2174 3181 2312 3224 usque
2342 3169 2394 3210 ad
2424 3168 2611 3221 Suidam,

270 3261 295 3289 a
317 3245 477 3289 Rutilio
507 3246 579 3289 illo
607 3245 718 3289 Rufo
747 3249 848 3302 (quo
879 3259 965 3290 non
992 3249 1172 3289 occurrit
1199 3246 1441 3303 exemplum
1461 3248 1692 3303 antiquiuS,
1715 3248 1864 3290 Aelius
1886 3248 2003 3290 enim
2026 3247 2129 3290 Stilo
2160 3248 2254 3289 eius
2286 3248 2481 3304 aequalis
2511 3247 2610 3298 fuit3

270 3330 397 3383 atque
426 3328 661 3369 instructus
692 3329 781 3369 erat
815 3326 952 3369 Rufus
993 3327 1164 3370 Graecis
1193 3327 1363 3381 litteris,
1401 3326 1577 3370 Panaeti
1607 3327 1784 3382 auditor,
1813 3329 1919 3370 teste
1949 3326 2150 3371 Cicerone
2180 3327 2302 3372 Brut.
2347 3328 2442 3381 114)
2474 3340 2610 3383 usque

269 3406 322 3448 ad
351 3407 574 3461 scriptores
607 3406 660 3448 de
695 3407 798 3448 viris
836 3406 1087 3462 illustribus,
1116 3405 1352 3448 Varronem
1387 3406 1454 3459 (cf.
1499 3407 1641 3448 etiam·
1662 3406 1943 3460 Symmachus
1980 3408 2091 3462 epist.
2120 3406 2141 3449 1
2171 3409 2198 3449 4
2227 3421 2267 3463 p.
2294 3409 2333 3461 5,
2366 3408 2417 3448 12
2448 3406 2609 3460 Seeck.)

267 3484 474 3547 Nepotem
510 3485 636 3539 tales,
679 3499 704 3527 a
740 3485 898 3540 quibus
933 3486 1090 3542 pendet
1118 3498 1359 3540 anonymus
1404 3484 1496 3539 ille,
1538 3491 1578 3527 et
1608 3486 1660 3527 ad
1695 3485 1801 3528 Livii
1841 3488 2077 3543 periochas,
2114 3487 2243 3528 factas
2285 3486 2379 3528 illas
2423 3487 2609 3528 maxime
