<?xml version="1.0" encoding="UTF-8"?>
<!DOCTYPE html PUBLIC "-//W3C//DTD XHTML 1.0 Transitional//EN"
    "http://www.w3.org/TR/xhtml1/DTD/xhtml1-transitional.dtd">
<html xmlns="http://www.w3.org/1999/xhtml" xml:lang="en" lang="en">
 <head>
  <title>
</title>
<meta http-equiv="Content-Type" content="text/html;charset=utf-8" />
  <meta name='ocr-system' content='tesseract 3.04.00' />
  <meta name='ocr-capabilities' content='ocr_page ocr_carea ocr_par ocr_line ocrx_word'/>
</head>
<body>
  <div class='ocr_page' id='page_1' title='image "4763779_0016.png"; bbox 0 0 3039 3877; ppageno 0'>
   <div class='ocr_carea' id='block_1_1' title="bbox 0 3706 78 3877">
    <p class='ocr_par' dir='ltr' id='par_1_1' title="bbox 0 3706 78 3877">
     <span class='ocr_line' id='line_1_1' title="bbox 0 3706 78 3877; baseline 0 0"><span class='ocrx_word' id='word_1_1' title='bbox 0 3706 78 3877; x_wconf 95' lang='lat' dir='ltr'><strong> </strong></span> 
     </span>
    </p>
   </div>
   <div class='ocr_carea' id='block_1_2' title="bbox 2420 0 3039 278">
    <p class='ocr_par' dir='ltr' id='par_1_2' title="bbox 2420 0 3039 278">
     <span class='ocr_line' id='line_1_2' title="bbox 2420 0 3039 278; baseline 0 3599"><span class='ocrx_word' id='word_1_2' title='bbox 2420 0 3039 278; x_wconf 95' lang='lat' dir='ltr'><strong> </strong></span> 
     </span>
    </p>
   </div>
   <div class='ocr_carea' id='block_1_3' title="bbox 1366 313 1631 356">
    <p class='ocr_par' dir='ltr' id='par_1_3' title="bbox 1366 313 1631 356">
     <span class='ocr_line' id='line_1_3' title="bbox 1366 313 1631 356; baseline 0.004 -11"><span class='ocrx_word' id='word_1_3' title='bbox 1366 313 1631 356; x_wconf 39' lang='lat' dir='ltr'><strong>-X4</strong></span> 
     </span>
    </p>
   </div>
   <div class='ocr_carea' id='block_1_4' title="bbox 294 428 2667 2722">
    <p class='ocr_par' dir='ltr' id='par_1_4' title="bbox 294 428 2667 2722">
     <span class='ocr_line' id='line_1_4' title="bbox 311 428 2667 496; baseline 0.001 -20"><span class='ocrx_word' id='word_1_4' title='bbox 311 447 335 476; x_wconf 89' lang='lat' dir='ltr'><strong>a</strong></span> <span class='ocrx_word' id='word_1_5' title='bbox 364 437 525 479; x_wconf 86' lang='lat' dir='ltr'><strong>rustico</strong></span> <span class='ocrx_word' id='word_1_6' title='bbox 554 441 597 479; x_wconf 90' lang='lat' dir='ltr'><strong>et</strong></span> <span class='ocrx_word' id='word_1_7' title='bbox 623 437 864 493; x_wconf 84' lang='lat' dir='ltr'><strong>peregrino,</strong></span> <span class='ocrx_word' id='word_1_8' title='bbox 894 437 988 478; x_wconf 90' lang='lat' dir='ltr'><strong>eius</strong></span> <span class='ocrx_word' id='word_1_9' title='bbox 1013 438 1214 492; x_wconf 86' lang='lat' dir='ltr'><strong>temporis</strong></span> <span class='ocrx_word' id='word_1_10' title='bbox 1246 438 1326 479; x_wconf 82' lang='lat' dir='ltr'><strong>viri</strong></span> <span class='ocrx_word' id='word_1_11' title='bbox 1356 439 1570 496; x_wconf 76' lang='lat' dir='ltr'><strong>principes</strong></span> <span class='ocrx_word' id='word_1_12' title='bbox 1601 438 1756 482; x_wconf 85' lang='lat' dir='ltr'><strong>Caesar</strong></span> <span class='ocrx_word' id='word_1_13' title='bbox 1784 438 1930 481; x_wconf 87' lang='lat' dir='ltr'><strong>Cicero</strong></span> <span class='ocrx_word' id='word_1_14' title='bbox 1951 431 2083 480; x_wconf 84' lang='lat' dir='ltr'><strong>Varro</strong></span> <span class='ocrx_word' id='word_1_15' title='bbox 2111 437 2154 478; x_wconf 88' lang='lat' dir='ltr'><strong>et</strong></span> <span class='ocrx_word' id='word_1_16' title='bbox 2180 428 2353 478; x_wconf 73' lang='lat' dir='ltr'><strong>ratione</strong></span> <span class='ocrx_word' id='word_1_17' title='bbox 2374 431 2667 489; x_wconf 75' lang='lat' dir='ltr'><strong>obtinuerunt,</strong></span> 
     </span>
     <span class='ocr_line' id='line_1_5' title="bbox 310 514 2665 574; baseline 0 -18"><span class='ocrx_word' id='word_1_18' title='bbox 310 527 408 557; x_wconf 88' lang='lat' dir='ltr'><strong>cum</strong></span> <span class='ocrx_word' id='word_1_19' title='bbox 439 515 570 560; x_wconf 86' lang='lat' dir='ltr'><strong>libros</strong></span> <span class='ocrx_word' id='word_1_20' title='bbox 600 517 774 559; x_wconf 89' lang='lat' dir='ltr'><strong>ederent</strong></span> <span class='ocrx_word' id='word_1_21' title='bbox 799 517 856 561; x_wconf 83' lang='lat' dir='ltr'><strong>de</strong></span> <span class='ocrx_word' id='word_1_22' title='bbox 886 528 1084 558; x_wconf 87' lang='lat' dir='ltr'><strong>sermone</strong></span> <span class='ocrx_word' id='word_1_23' title='bbox 1112 515 1244 558; x_wconf 89' lang='lat' dir='ltr'><strong>latino</strong></span> <span class='ocrx_word' id='word_1_24' title='bbox 1275 520 1317 558; x_wconf 91' lang='lat' dir='ltr'><strong>et</strong></span> <span class='ocrx_word' id='word_1_25' title='bbox 1346 517 1399 559; x_wconf 89' lang='lat' dir='ltr'><strong>de</strong></span> <span class='ocrx_word' id='word_1_26' title='bbox 1429 518 1625 574; x_wconf 86' lang='lat' dir='ltr'><strong>analogia</strong></span> <span class='ocrx_word' id='word_1_27' title='bbox 1656 518 1848 573; x_wconf 86' lang='lat' dir='ltr'><strong>scriptos,</strong></span> <span class='ocrx_word' id='word_1_28' title='bbox 1890 514 2047 572; x_wconf 87' lang='lat' dir='ltr'><strong>quibus</strong></span> <span class='ocrx_word' id='word_1_29' title='bbox 2076 527 2184 571; x_wconf 86' lang='lat' dir='ltr'><strong>pure</strong></span> <span class='ocrx_word' id='word_1_30' title='bbox 2223 515 2465 570; x_wconf 75' lang='lat' dir='ltr'><strong>incorrupte</strong></span> <span class='ocrx_word' id='word_1_31' title='bbox 2497 515 2665 569; x_wconf 73' lang='lat' dir='ltr'><strong>usitate,</strong></span> 
     </span>
     <span class='ocr_line' id='line_1_6' title="bbox 309 580 2664 652; baseline 0 -17"><span class='ocrx_word' id='word_1_32' title='bbox 309 594 499 651; x_wconf 88' lang='lat' dir='ltr'><strong>denique</strong></span> <span class='ocrx_word' id='word_1_33' title='bbox 530 596 691 639; x_wconf 90' lang='lat' dir='ltr'><strong>urbane</strong></span> <span class='ocrx_word' id='word_1_34' title='bbox 721 580 938 652; x_wconf 42' lang='lat' dir='ltr'><strong>loquendi*</strong></span> <span class='ocrx_word' id='word_1_35' title='bbox 956 597 1074 651; x_wconf 87' lang='lat' dir='ltr'><strong>leges</strong></span> <span class='ocrx_word' id='word_1_36' title='bbox 1103 597 1428 651; x_wconf 79' lang='lat' dir='ltr'><strong>constituerent,</strong></span> <span class='ocrx_word' id='word_1_37' title='bbox 1457 600 1500 639; x_wconf 91' lang='lat' dir='ltr'><strong>et</strong></span> <span class='ocrx_word' id='word_1_38' title='bbox 1528 599 1622 652; x_wconf 91' lang='lat' dir='ltr'><strong>ipso</strong></span> <span class='ocrx_word' id='word_1_39' title='bbox 1652 610 1735 638; x_wconf 90' lang='lat' dir='ltr'><strong>usu</strong></span> <span class='ocrx_word' id='word_1_40' title='bbox 1771 596 2063 650; x_wconf 78' lang='lat' dir='ltr'><strong>firmaverunt,</strong></span> <span class='ocrx_word' id='word_1_41' title='bbox 2096 597 2144 637; x_wconf 88' lang='lat' dir='ltr'><strong>ut</strong></span> <span class='ocrx_word' id='word_1_42' title='bbox 2172 594 2360 637; x_wconf 83' lang='lat' dir='ltr'><strong>maximo</strong></span> <span class='ocrx_word' id='word_1_43' title='bbox 2388 593 2432 636; x_wconf 82' lang='lat' dir='ltr'><strong>in</strong></span> <span class='ocrx_word' id='word_1_44' title='bbox 2464 593 2664 636; x_wconf 76' lang='lat' dir='ltr'><strong>orationi-</strong></span> 
     </span>
     <span class='ocr_line' id='line_1_7' title="bbox 312 673 2663 730; baseline 0 -15"><span class='ocrx_word' id='word_1_45' title='bbox 312 673 392 716; x_wconf 87' lang='lat' dir='ltr'><strong>bus</strong></span> <span class='ocrx_word' id='word_1_46' title='bbox 412 675 572 730; x_wconf 87' lang='lat' dir='ltr'><strong>Cicero,</strong></span> <span class='ocrx_word' id='word_1_47' title='bbox 602 678 646 718; x_wconf 89' lang='lat' dir='ltr'><strong>in</strong></span> <span class='ocrx_word' id='word_1_48' title='bbox 678 676 941 719; x_wconf 82' lang='lat' dir='ltr'><strong>orationibus</strong></span> <span class='ocrx_word' id='word_1_49' title='bbox 972 679 1014 718; x_wconf 88' lang='lat' dir='ltr'><strong>et</strong></span> <span class='ocrx_word' id='word_1_50' title='bbox 1043 677 1360 719; x_wconf 86' lang='lat' dir='ltr'><strong>commentariis</strong></span> <span class='ocrx_word' id='word_1_51' title='bbox 1381 676 1546 719; x_wconf 84' lang='lat' dir='ltr'><strong>Caesar.</strong></span> <span class='ocrx_word' id='word_1_52' title='bbox 1609 676 1742 719; x_wconf 88' lang='lat' dir='ltr'><strong>Cuius</strong></span> <span class='ocrx_word' id='word_1_53' title='bbox 1771 677 1831 718; x_wconf 89' lang='lat' dir='ltr'><strong>rei</strong></span> <span class='ocrx_word' id='word_1_54' title='bbox 1863 674 2022 718; x_wconf 87' lang='lat' dir='ltr'><strong>nobilia</strong></span> <span class='ocrx_word' id='word_1_55' title='bbox 2052 677 2155 718; x_wconf 88' lang='lat' dir='ltr'><strong>sunt</strong></span> <span class='ocrx_word' id='word_1_56' title='bbox 2173 673 2391 718; x_wconf 81' lang='lat' dir='ltr'>Ciceronis</span> <span class='ocrx_word' id='word_1_57' title='bbox 2419 673 2663 717; x_wconf 80' lang='lat' dir='ltr'><strong>testimonia</strong></span> 
     </span>
     <span class='ocr_line' id='line_1_8' title="bbox 308 751 2664 811; baseline 0 -17"><span class='ocrx_word' id='word_1_58' title='bbox 308 754 430 795; x_wconf 74' lang='lat' dir='ltr'><strong>Brut.</strong></span> <span class='ocrx_word' id='word_1_59' title='bbox 460 756 530 809; x_wconf 86' lang='lat'><strong>46,</strong></span> <span class='ocrx_word' id='word_1_60' title='bbox 559 757 640 797; x_wconf 83' lang='grc'>170</span> <span class='ocrx_word' id='word_1_61' title='bbox 670 769 762 811; x_wconf 87' lang='lat' dir='ltr'><strong>sqq.</strong></span> <span class='ocrx_word' id='word_1_62' title='bbox 796 757 862 809; x_wconf 80' lang='lat'><strong>74,</strong></span> <span class='ocrx_word' id='word_1_63' title='bbox 889 757 972 797; x_wconf 86' lang='lat'><strong>259</strong></span> <span class='ocrx_word' id='word_1_64' title='bbox 1003 768 1113 811; x_wconf 89' lang='lat' dir='ltr'><strong>sqq.,</strong></span> <span class='ocrx_word' id='word_1_65' title='bbox 1141 771 1203 809; x_wconf 81' lang='lat' dir='ltr'><strong>ep.</strong></span> <span class='ocrx_word' id='word_1_66' title='bbox 1233 757 1293 796; x_wconf 83' lang='lat' dir='ltr'><strong>ad</strong></span> <span class='ocrx_word' id='word_1_67' title='bbox 1312 757 1421 811; x_wconf 85' lang='lat' dir='ltr'><strong>fam.</strong></span> <span class='ocrx_word' id='word_1_68' title='bbox 1453 755 1513 798; x_wconf 89' lang='lat' dir='ltr'><strong>IX</strong></span> <span class='ocrx_word' id='word_1_69' title='bbox 1547 758 1613 808; x_wconf 85' lang='lat'><strong>15,</strong></span> <span class='ocrx_word' id='word_1_70' title='bbox 1643 757 1683 797; x_wconf 83' lang='grc'><strong>2.</strong></span> <span class='ocrx_word' id='word_1_71' title='bbox 1745 757 1809 797; x_wconf 91' lang='lat' dir='ltr'><strong>Ac</strong></span> <span class='ocrx_word' id='word_1_72' title='bbox 1839 755 1937 797; x_wconf 81' lang='lat' dir='ltr'><strong>vide</strong></span> <span class='ocrx_word' id='word_1_73' title='bbox 1965 754 2104 809; x_wconf 88' lang='lat' dir='ltr'><strong>modo,</strong></span> <span class='ocrx_word' id='word_1_74' title='bbox 2135 753 2495 809; x_wconf 83' lang='lat' dir='ltr'><strong>quemadmodum</strong></span> <span class='ocrx_word' id='word_1_75' title='bbox 2528 751 2664 796; x_wconf 86' lang='lat' dir='ltr'><strong>Varro</strong></span> 
     </span>
     <span class='ocr_line' id='line_1_9' title="bbox 307 831 2662 890; baseline -0.001 -15"><span class='ocrx_word' id='word_1_76' title='bbox 307 835 485 876; x_wconf 88' lang='lat' dir='ltr'><strong>latinum</strong></span> <span class='ocrx_word' id='word_1_77' title='bbox 518 848 757 877; x_wconf 87' lang='lat' dir='ltr'><strong>sermonem</strong></span> <span class='ocrx_word' id='word_1_78' title='bbox 795 835 970 877; x_wconf 86' lang='lat' dir='ltr'><strong>definiat</strong></span> <span class='ocrx_word' id='word_1_79' title='bbox 1007 836 1071 888; x_wconf 85' lang='lat' dir='ltr'><strong>(fr.</strong></span> <span class='ocrx_word' id='word_1_80' title='bbox 1103 837 1154 877; x_wconf 81' lang='lat'><strong>41</strong></span> <span class='ocrx_word' id='word_1_81' title='bbox 1192 836 1370 887; x_wconf 87' lang='lat' dir='ltr'><strong>Wilm.):</strong></span> <span class='ocrx_word' id='word_1_82' title='bbox 1413 835 1587 877; x_wconf 68' lang='lat' dir='ltr'><strong>latinitas</strong></span> <span class='ocrx_word' id='word_1_83' title='bbox 1629 842 1682 877; x_wconf 78' lang='lat' dir='ltr'><strong>est</strong></span> <span class='ocrx_word' id='word_1_84' title='bbox 1720 835 1948 888; x_wconf 74' lang='lat' dir='ltr'><em>incorrupte</em></span> <span class='ocrx_word' id='word_1_85' title='bbox 1981 833 2168 890; x_wconf 73' lang='lat' dir='ltr'><strong>loquendi</strong></span> <span class='ocrx_word' id='word_1_86' title='bbox 2195 833 2411 877; x_wconf 69' lang='lat' dir='ltr'><strong>observatio</strong></span> <span class='ocrx_word' id='word_1_87' title='bbox 2450 831 2662 876; x_wconf 64' lang='lat' dir='ltr'><strong>secandum</strong></span> 
     </span>
     <span class='ocr_line' id='line_1_10' title="bbox 305 912 2663 970; baseline 0 -16"><span class='ocrx_word' id='word_1_88' title='bbox 305 930 561 955; x_wconf 77' lang='lat' dir='ltr'><em>romanam</em></span> <span class='ocrx_word' id='word_1_89' title='bbox 590 915 767 968; x_wconf 72' lang='lat' dir='ltr'><strong>linquam</strong></span> <span class='ocrx_word' id='word_1_90' title='bbox 780 918 828 968; x_wconf 89' lang='lat'><strong>¹),</strong></span> <span class='ocrx_word' id='word_1_91' title='bbox 858 918 901 956; x_wconf 78' lang='lat' dir='ltr'><strong>et</strong></span> <span class='ocrx_word' id='word_1_92' title='bbox 930 914 983 956; x_wconf 79' lang='lat' dir='ltr'><strong>ab</strong></span> <span class='ocrx_word' id='word_1_93' title='bbox 1005 915 1072 957; x_wconf 79' lang='lat' dir='ltr'><strong>his</strong></span> <span class='ocrx_word' id='word_1_94' title='bbox 1100 919 1307 970; x_wconf 75' lang='lat' dir='ltr'><strong>quantum</strong></span> <span class='ocrx_word' id='word_1_95' title='bbox 1340 915 1467 957; x_wconf 68' lang='lat' dir='ltr'><strong>distet</strong></span> <span class='ocrx_word' id='word_1_96' title='bbox 1487 914 1740 965; x_wconf 71' lang='lat' dir='ltr'><strong>Quifitiliani</strong></span> <span class='ocrx_word' id='word_1_97' title='bbox 1761 914 1919 957; x_wconf 74' lang='lat' dir='ltr'><strong>dictum</strong></span> <span class='ocrx_word' id='word_1_98' title='bbox 1950 913 2037 956; x_wconf 76' lang='lat' dir='ltr'><strong>inst.</strong></span> <span class='ocrx_word' id='word_1_99' title='bbox 2058 928 2116 956; x_wconf 66' lang='grc' dir='ltr'><strong>ον.</strong></span> <span class='ocrx_word' id='word_1_100' title='bbox 2148 912 2167 956; x_wconf 86' lang='lat' dir='ltr'><strong>I</strong></span> <span class='ocrx_word' id='word_1_101' title='bbox 2199 914 2238 968; x_wconf 85' lang='lat'><strong>5,</strong></span> <span class='ocrx_word' id='word_1_102' title='bbox 2260 913 2315 956; x_wconf 86' lang='lat'><strong>55</strong></span> <span class='ocrx_word' id='word_1_103' title='bbox 2334 924 2426 969; x_wconf 80' lang='lat' dir='ltr'><strong>sqq.</strong></span> <span class='ocrx_word' id='word_1_104' title='bbox 2446 912 2566 955; x_wconf 67' lang='lat' dir='ltr'><strong>verba</strong></span> <span class='ocrx_word' id='word_1_105' title='bbox 2594 919 2663 954; x_wconf 81' lang='lat' dir='ltr'><strong>aut</strong></span> 
     </span>
     <span class='ocr_line' id='line_1_11' title="bbox 306 991 2663 1048; baseline 0 -16"><span class='ocrx_word' id='word_1_106' title='bbox 306 992 432 1033; x_wconf 77' lang='lat' dir='ltr'><strong>latina</strong></span> <span class='ocrx_word' id='word_1_107' title='bbox 453 1000 521 1033; x_wconf 78' lang='lat' dir='ltr'><strong>aut</strong></span> <span class='ocrx_word' id='word_1_108' title='bbox 544 994 764 1047; x_wconf 71' lang='lat' dir='ltr'><strong>pereyrt&#39;ua</strong></span> <span class='ocrx_word' id='word_1_109' title='bbox 785 1001 887 1034; x_wconf 67' lang='lat' dir='ltr'><strong>amet.</strong></span> <span class='ocrx_word' id='word_1_110' title='bbox 899 994 1119 1048; x_wconf 64' lang='lat' dir='ltr'><strong>peregri-ina</strong></span> <span class='ocrx_word' id='word_1_111' title='bbox 1133 1009 1262 1047; x_wconf 66' lang='lat' dir='ltr'><strong>porro</strong></span> <span class='ocrx_word' id='word_1_112' title='bbox 1291 1009 1339 1034; x_wconf 71' lang='lat' dir='ltr'><strong>ea·</strong></span> <span class='ocrx_word' id='word_1_113' title='bbox 1358 993 1537 1035; x_wconf 78' lang='lat' dir='ltr'><strong>omnibus</strong></span> <span class='ocrx_word' id='word_1_114' title='bbox 1553 1008 1685 1047; x_wconf 76' lang='lat' dir='ltr'><strong>prope</strong></span> <span class='ocrx_word' id='word_1_115' title='bbox 1705 994 1877 1035; x_wconf 60' lang='lat' dir='ltr'><strong>‹limem-im</strong></span> <span class='ocrx_word' id='word_1_116' title='bbox 1897 993 2087 1048; x_wconf 72' lang='lat' dir='ltr'><strong>yerete‘bus,</strong></span> <span class='ocrx_word' id='word_1_117' title='bbox 2109 999 2152 1033; x_wconf 82' lang='lat' dir='ltr'><strong>ut</strong></span> <span class='ocrx_word' id='word_1_118' title='bbox 2175 991 2362 1042; x_wconf 78' lang='lat' dir='ltr'><strong>homines,</strong></span> <span class='ocrx_word' id='word_1_119' title='bbox 2376 999 2420 1032; x_wconf 79' lang='lat' dir='ltr'><strong>ut</strong></span> <span class='ocrx_word' id='word_1_120' title='bbox 2445 991 2622 1034; x_wconf 73' lang='lat' dir='ltr'><strong>instituta</strong></span> <span class='ocrx_word' id='word_1_121' title='bbox 2630 992 2663 1047; x_wconf 79' lang='lat'><strong>²)</strong></span> 
     </span>
     <span class='ocr_line' id='line_1_12' title="bbox 305 1073 2662 1130; baseline 0 -16"><span class='ocrx_word' id='word_1_122' title='bbox 305 1074 421 1115; x_wconf 71' lang='lat' dir='ltr'><strong>eiiam</strong></span> <span class='ocrx_word' id='word_1_123' title='bbox 442 1074 566 1115; x_wconf 79' lang='lat' dir='ltr'><strong>multa</strong></span> <span class='ocrx_word' id='word_1_124' title='bbox 586 1081 781 1115; x_wconf 77' lang='lat' dir='ltr'><strong>venerunt.</strong></span> <span class='ocrx_word' id='word_1_125' title='bbox 840 1081 947 1115; x_wconf 71' lang='lat' dir='ltr'><strong>taceo</strong></span> <span class='ocrx_word' id='word_1_126' title='bbox 968 1074 1017 1115; x_wconf 73' lang='lat' dir='ltr'><strong>cle</strong></span> <span class='ocrx_word' id='word_1_127' title='bbox 1038 1073 1172 1115; x_wconf 66' lang='lat' dir='ltr'><strong>&#39;limeis</strong></span> <span class='ocrx_word' id='word_1_128' title='bbox 1191 1081 1225 1115; x_wconf 85' lang='lat' dir='ltr'><strong>et</strong></span> <span class='ocrx_word' id='word_1_129' title='bbox 1241 1074 1401 1115; x_wconf 57' lang='lat' dir='ltr'><strong>Sabinus</strong></span> <span class='ocrx_word' id='word_1_130' title='bbox 1430 1081 1464 1115; x_wconf 81' lang='lat' dir='ltr'><strong>et</strong></span> <span class='ocrx_word' id='word_1_131' title='bbox 1479 1073 1747 1115; x_wconf 70' lang='lat' dir='ltr'><strong>Praenestinis</strong></span> <span class='ocrx_word' id='word_1_132' title='bbox 1766 1089 1940 1130; x_wconf 79' lang='lat' dir='ltr'><strong>quoque.-</strong></span> <span class='ocrx_word' id='word_1_133' title='bbox 1959 1089 2056 1115; x_wconf 81' lang='lat' dir='ltr'><strong>uam</strong></span> <span class='ocrx_word' id='word_1_134' title='bbox 2078 1080 2121 1114; x_wconf 80' lang='lat' dir='ltr'><strong>ut</strong></span> <span class='ocrx_word' id='word_1_135' title='bbox 2142 1088 2277 1115; x_wconf 82' lang='lat' dir='ltr'><strong>eorum</strong></span> <span class='ocrx_word' id='word_1_136' title='bbox 2295 1086 2473 1115; x_wconf 77' lang='lat' dir='ltr'><strong>sermone</strong></span> <span class='ocrx_word' id='word_1_137' title='bbox 2494 1078 2662 1114; x_wconf 76' lang='lat' dir='ltr'><strong>utentem</strong></span> 
     </span>
     <span class='ocr_line' id='line_1_13' title="bbox 318 1152 2662 1209; baseline 0 -16"><span class='ocrx_word' id='word_1_138' title='bbox 318 1153 481 1195; x_wconf 77' lang='lat' dir='ltr'><strong>Vettium</strong></span> <span class='ocrx_word' id='word_1_139' title='bbox 530 1152 712 1195; x_wconf 79' lang='lat' dir='ltr'><strong>Lucilius</strong></span> <span class='ocrx_word' id='word_1_140' title='bbox 760 1154 1022 1208; x_wconf 72' lang='lat' dir='ltr'><strong>iuse‹:tatur,³)</strong></span> <span class='ocrx_word' id='word_1_141' title='bbox 1071 1153 1406 1209; x_wconf 74' lang='lat' dir='ltr'><em>quemadmodum</em></span> <span class='ocrx_word' id='word_1_142' title='bbox 1454 1153 1585 1195; x_wconf 74' lang='lat' dir='ltr'><strong>Pollio</strong></span> <span class='ocrx_word' id='word_1_143' title='bbox 1636 1154 1888 1208; x_wconf 68' lang='lat' dir='ltr'><strong>⁷·eJn·eheu(Iit</strong></span> <span class='ocrx_word' id='word_1_144' title='bbox 1936 1154 1977 1195; x_wconf 82' lang='lat' dir='ltr'><strong>iu</strong></span> <span class='ocrx_word' id='word_1_145' title='bbox 2021 1152 2139 1195; x_wconf 70' lang='lat' dir='ltr'><strong>Livio</strong></span> <span class='ocrx_word' id='word_1_146' title='bbox 2184 1152 2505 1203; x_wconf 75' lang='lat' dir='ltr'><strong>Pataviuitatem,</strong></span> <span class='ocrx_word' id='word_1_147' title='bbox 2553 1152 2662 1194; x_wconf 77' lang='lat' dir='ltr'><strong>licet</strong></span> 
     </span>
     <span class='ocr_line' id='line_1_14' title="bbox 303 1232 2660 1288; baseline 0 -14"><span class='ocrx_word' id='word_1_148' title='bbox 303 1234 465 1274; x_wconf 75' lang='lat' dir='ltr'><strong>omnia</strong></span> <span class='ocrx_word' id='word_1_149' title='bbox 495 1233 684 1273; x_wconf 74' lang='lat' dir='ltr'><strong>Italica</strong></span> <span class='ocrx_word' id='word_1_150' title='bbox 706 1249 805 1287; x_wconf 78' lang='lat' dir='ltr'><strong>pro</strong></span> <span class='ocrx_word' id='word_1_151' title='bbox 835 1234 1075 1274; x_wconf 71' lang='lat' dir='ltr'><strong>Romanis</strong></span> <span class='ocrx_word' id='word_1_152' title='bbox 1100 1233 1303 1274; x_wconf 77' lang='lat' dir='ltr'><strong>habeam</strong></span> <span class='ocrx_word' id='word_1_153' title='bbox 1332 1236 1554 1283; x_wconf 78' lang='lat' dir='ltr'><strong>(secuntur</strong></span> <span class='ocrx_word' id='word_1_154' title='bbox 1585 1233 1712 1275; x_wconf 80' lang='lat' dir='ltr'><strong>verba</strong></span> <span class='ocrx_word' id='word_1_155' title='bbox 1742 1248 1766 1275; x_wconf 79' lang='lat' dir='ltr'><strong>a</strong></span> <span class='ocrx_word' id='word_1_156' title='bbox 1790 1233 1922 1275; x_wconf 79' lang='lat' dir='ltr'><strong>Gallis</strong></span> <span class='ocrx_word' id='word_1_157' title='bbox 1944 1234 2058 1274; x_wconf 80' lang='lat' dir='ltr'><strong>Afris</strong></span> <span class='ocrx_word' id='word_1_158' title='bbox 2079 1232 2285 1288; x_wconf 75' lang='lat' dir='ltr'><strong>Hispanis</strong></span> <span class='ocrx_word' id='word_1_159' title='bbox 2306 1232 2480 1275; x_wconf 73' lang='lat' dir='ltr'><strong>Graecis</strong></span> <span class='ocrx_word' id='word_1_160' title='bbox 2499 1232 2660 1288; x_wconf 73' lang='lat' dir='ltr'><strong>petita).</strong></span> 
     </span>
     <span class='ocr_line' id='line_1_15' title="bbox 303 1310 2660 1367; baseline -0.001 -13"><span class='ocrx_word' id='word_1_161' title='bbox 303 1310 468 1362; x_wconf 86' lang='lat' dir='ltr'>Quibus</span> <span class='ocrx_word' id='word_1_162' title='bbox 508 1326 594 1354; x_wconf 90' lang='lat' dir='ltr'><strong>non</strong></span> <span class='ocrx_word' id='word_1_163' title='bbox 638 1315 800 1367; x_wconf 87' lang='lat' dir='ltr'><strong>poterat</strong></span> <span class='ocrx_word' id='word_1_164' title='bbox 839 1314 977 1354; x_wconf 77' lang='lat' dir='ltr'><strong>liei-ele</strong></span> <span class='ocrx_word' id='word_1_165' title='bbox 1016 1313 1156 1354; x_wconf 88' lang='lat' dir='ltr'><strong>dicere</strong></span> <span class='ocrx_word' id='word_1_166' title='bbox 1195 1311 1454 1367; x_wconf 82' lang='lat' dir='ltr'><strong>superbiora,</strong></span> <span class='ocrx_word' id='word_1_167' title='bbox 1495 1325 1753 1367; x_wconf 83' lang='lat' dir='ltr'><strong>quamquam</strong></span> <span class='ocrx_word' id='word_1_168' title='bbox 1786 1313 1853 1354; x_wconf 89' lang='lat' dir='ltr'><strong>his</strong></span> <span class='ocrx_word' id='word_1_169' title='bbox 1894 1313 2000 1367; x_wconf 87' lang='lat' dir='ltr'><strong>ipsis</strong></span> <span class='ocrx_word' id='word_1_170' title='bbox 2034 1311 2191 1366; x_wconf 84' lang='lat' dir='ltr'><strong>verbiS,</strong></span> <span class='ocrx_word' id='word_1_171' title='bbox 2223 1314 2428 1367; x_wconf 86' lang='lat' dir='ltr'><strong>quantum</strong></span> <span class='ocrx_word' id='word_1_172' title='bbox 2467 1313 2536 1353; x_wconf 86' lang='lat' dir='ltr'><strong>sui</strong></span> <span class='ocrx_word' id='word_1_173' title='bbox 2565 1311 2660 1353; x_wconf 84' lang='lat' dir='ltr'><strong>aevi</strong></span> 
     </span>
     <span class='ocr_line' id='line_1_16' title="bbox 303 1390 2660 1447; baseline 0 -15"><span class='ocrx_word' id='word_1_174' title='bbox 303 1392 497 1433; x_wconf 84' lang='lat' dir='ltr'><strong>homines</strong></span> <span class='ocrx_word' id='word_1_175' title='bbox 539 1406 563 1434; x_wconf 86' lang='lat' dir='ltr'><strong>a</strong></span> <span class='ocrx_word' id='word_1_176' title='bbox 605 1394 744 1447; x_wconf 87' lang='lat' dir='ltr'><strong>prisca</strong></span> <span class='ocrx_word' id='word_1_177' title='bbox 783 1393 855 1434; x_wconf 89' lang='lat' dir='ltr'><strong>illa</strong></span> <span class='ocrx_word' id='word_1_178' title='bbox 884 1392 1089 1447; x_wconf 89' lang='lat' dir='ltr'><strong>dignitate</strong></span> <span class='ocrx_word' id='word_1_179' title='bbox 1129 1405 1178 1434; x_wconf 86' lang='lat' dir='ltr'><strong>ac</strong></span> <span class='ocrx_word' id='word_1_180' title='bbox 1213 1393 1419 1446; x_wconf 85' lang='lat' dir='ltr'><strong>gravitate</strong></span> <span class='ocrx_word' id='word_1_181' title='bbox 1460 1392 1730 1445; x_wconf 78' lang='lat' dir='ltr'><strong>desciverint,</strong></span> <span class='ocrx_word' id='word_1_182' title='bbox 1773 1393 1936 1434; x_wconf 77' lang='lat' dir='ltr'><strong>invitus</strong></span> <span class='ocrx_word' id='word_1_183' title='bbox 1972 1392 2084 1434; x_wconf 84' lang='lat' dir='ltr'><strong>idem</strong></span> <span class='ocrx_word' id='word_1_184' title='bbox 2125 1392 2396 1434; x_wconf 87' lang='lat' dir='ltr'><strong>demonstrat.</strong></span> <span class='ocrx_word' id='word_1_185' title='bbox 2457 1390 2660 1432; x_wconf 79' lang='lat' dir='ltr'><strong>Varronis</strong></span> 
     </span>
     <span class='ocr_line' id='line_1_17' title="bbox 301 1469 2660 1528; baseline -0 -15"><span class='ocrx_word' id='word_1_186' title='bbox 301 1474 442 1514; x_wconf 89' lang='lat' dir='ltr'><strong>autem</strong></span> <span class='ocrx_word' id='word_1_187' title='bbox 473 1471 604 1514; x_wconf 89' lang='lat' dir='ltr'><strong>libros</strong></span> <span class='ocrx_word' id='word_1_188' title='bbox 644 1472 692 1513; x_wconf 83' lang='lat' dir='ltr'><strong>‹le</strong></span> <span class='ocrx_word' id='word_1_189' title='bbox 728 1472 906 1513; x_wconf 73' lang='lat' dir='ltr'><strong>semnbue</strong></span> <span class='ocrx_word' id='word_1_190' title='bbox 942 1472 1064 1512; x_wconf 76' lang='lat' dir='ltr'><strong>latino</strong></span> <span class='ocrx_word' id='word_1_191' title='bbox 1106 1474 1283 1528; x_wconf 88' lang='lat' dir='ltr'><strong>scriptos</strong></span> <span class='ocrx_word' id='word_1_192' title='bbox 1329 1474 1390 1514; x_wconf 90' lang='lat' dir='ltr'><strong>sic</strong></span> <span class='ocrx_word' id='word_1_193' title='bbox 1431 1475 1594 1514; x_wconf 84' lang='lat' dir='ltr'><strong>tantum</strong></span> <span class='ocrx_word' id='word_1_194' title='bbox 1628 1473 1841 1527; x_wconf 72' lang='lat' dir='ltr'><strong>intellego,</strong></span> <span class='ocrx_word' id='word_1_195' title='bbox 1885 1473 1920 1513; x_wconf 84' lang='lat' dir='ltr'><strong>si</strong></span> <span class='ocrx_word' id='word_1_196' title='bbox 1959 1485 2069 1527; x_wconf 89' lang='lat' dir='ltr'><strong>quae</strong></span> <span class='ocrx_word' id='word_1_197' title='bbox 2106 1472 2257 1514; x_wconf 84' lang='lat' dir='ltr'><strong>eodem</strong></span> <span class='ocrx_word' id='word_1_198' title='bbox 2297 1474 2484 1526; x_wconf 80' lang='lat' dir='ltr'><strong>ternpore</strong></span> <span class='ocrx_word' id='word_1_199' title='bbox 2514 1469 2660 1513; x_wconf 87' lang='lat' dir='ltr'><strong>Cicero</strong></span> 
     </span>
     <span class='ocr_line' id='line_1_18' title="bbox 301 1551 2659 1607; baseline 0 -15"><span class='ocrx_word' id='word_1_200' title='bbox 301 1564 398 1593; x_wconf 90' lang='lat' dir='ltr'><strong>cum</strong></span> <span class='ocrx_word' id='word_1_201' title='bbox 430 1565 599 1593; x_wconf 85' lang='lat' dir='ltr'><strong>summa</strong></span> <span class='ocrx_word' id='word_1_202' title='bbox 629 1556 671 1594; x_wconf 89' lang='lat' dir='ltr'><strong>et</strong></span> <span class='ocrx_word' id='word_1_203' title='bbox 700 1551 932 1594; x_wconf 83' lang='lat' dir='ltr'><strong>subtilitate</strong></span> <span class='ocrx_word' id='word_1_204' title='bbox 963 1556 1005 1594; x_wconf 91' lang='lat' dir='ltr'><strong>et</strong></span> <span class='ocrx_word' id='word_1_205' title='bbox 1033 1554 1273 1607; x_wconf 80' lang='lat' dir='ltr'><strong>arrogantia</strong></span> <span class='ocrx_word' id='word_1_206' title='bbox 1302 1554 1369 1606; x_wconf 88' lang='lat' dir='ltr'><strong>(cf.</strong></span> <span class='ocrx_word' id='word_1_207' title='bbox 1406 1554 1590 1594; x_wconf 85' lang='lat' dir='ltr'><strong>maxime</strong></span> <span class='ocrx_word' id='word_1_208' title='bbox 1629 1554 1677 1593; x_wconf 82' lang='lat' dir='ltr'><strong>‹Ie</strong></span> <span class='ocrx_word' id='word_1_209' title='bbox 1705 1568 1762 1593; x_wconf 76' lang='lat' dir='ltr'><strong>or.</strong></span> <span class='ocrx_word' id='word_1_210' title='bbox 1795 1552 1858 1593; x_wconf 84' lang='lat'><strong>111</strong></span> <span class='ocrx_word' id='word_1_211' title='bbox 1893 1554 1955 1605; x_wconf 86' lang='lat' dir='ltr'><strong>ll,</strong></span> <span class='ocrx_word' id='word_1_212' title='bbox 1985 1554 2039 1592; x_wconf 81' lang='lat'><strong>42</strong></span> <span class='ocrx_word' id='word_1_213' title='bbox 2072 1557 2152 1607; x_wconf 88' lang='lat' dir='ltr'><strong>sq.)</strong></span> <span class='ocrx_word' id='word_1_214' title='bbox 2193 1552 2246 1593; x_wconf 91' lang='lat' dir='ltr'><strong>de</strong></span> <span class='ocrx_word' id='word_1_215' title='bbox 2284 1551 2522 1593; x_wconf 72' lang='lat' dir='ltr'><strong>urbanitate</strong></span> <span class='ocrx_word' id='word_1_216' title='bbox 2551 1552 2659 1593; x_wconf 83' lang='lat' dir='ltr'><strong>civis</strong></span> 
     </span>
     <span class='ocr_line' id='line_1_19' title="bbox 300 1631 2659 1687; baseline -0.001 -13"><span class='ocrx_word' id='word_1_217' title='bbox 300 1631 482 1674; x_wconf 82' lang='lat' dir='ltr'><strong>Romani</strong></span> <span class='ocrx_word' id='word_1_218' title='bbox 512 1636 680 1687; x_wconf 85' lang='lat' dir='ltr'><strong>propria</strong></span> <span class='ocrx_word' id='word_1_219' title='bbox 706 1633 931 1687; x_wconf 85' lang='lat' dir='ltr'><strong>disputarit</strong></span> <span class='ocrx_word' id='word_1_220' title='bbox 961 1632 1198 1673; x_wconf 79' lang='lat' dir='ltr'><strong>considero.</strong></span> <span class='ocrx_word' id='word_1_221' title='bbox 1263 1632 1388 1673; x_wconf 83' lang='lat' dir='ltr'><strong>Velut</strong></span> <span class='ocrx_word' id='word_1_222' title='bbox 1425 1633 1520 1673; x_wconf 86' lang='lat' dir='ltr'><strong>ideo</strong></span> <span class='ocrx_word' id='word_1_223' title='bbox 1551 1632 1678 1674; x_wconf 88' lang='lat' dir='ltr'><strong>Varro</strong></span> <span class='ocrx_word' id='word_1_224' title='bbox 1719 1636 1802 1674; x_wconf 86' lang='lat' dir='ltr'><strong>tam</strong></span> <span class='ocrx_word' id='word_1_225' title='bbox 1835 1637 2029 1674; x_wconf 85' lang='lat' dir='ltr'><strong>accurate</strong></span> <span class='ocrx_word' id='word_1_226' title='bbox 2075 1633 2127 1674; x_wconf 90' lang='lat' dir='ltr'><strong>de</strong></span> <span class='ocrx_word' id='word_1_227' title='bbox 2160 1633 2417 1687; x_wconf 82' lang='lat' dir='ltr'><strong>aspiratione</strong></span> <span class='ocrx_word' id='word_1_228' title='bbox 2449 1633 2535 1686; x_wconf 89' lang='lat' dir='ltr'><strong>egit</strong></span> <span class='ocrx_word' id='word_1_229' title='bbox 2564 1631 2659 1686; x_wconf 91' lang='lat' dir='ltr'><strong>qui-</strong></span> 
     </span>
     <span class='ocr_line' id='line_1_20' title="bbox 299 1709 2657 1767; baseline -0.001 -14"><span class='ocrx_word' id='word_1_230' title='bbox 299 1710 481 1753; x_wconf 87' lang='lat' dir='ltr'><strong>busdam</strong></span> <span class='ocrx_word' id='word_1_231' title='bbox 513 1711 732 1753; x_wconf 89' lang='lat' dir='ltr'><strong>vocabulis</strong></span> <span class='ocrx_word' id='word_1_232' title='bbox 763 1712 938 1767; x_wconf 79' lang='lat' dir='ltr'><strong>aspirari</strong></span> <span class='ocrx_word' id='word_1_233' title='bbox 972 1714 1121 1753; x_wconf 83' lang='lat' dir='ltr'><strong>vetans</strong></span> <span class='ocrx_word' id='word_1_234' title='bbox 1153 1713 1217 1765; x_wconf 83' lang='lat' dir='ltr'><strong>(fr.</strong></span> <span class='ocrx_word' id='word_1_235' title='bbox 1250 1713 1315 1752; x_wconf 75' lang='lat'><strong>58.</strong></span> <span class='ocrx_word' id='word_1_236' title='bbox 1351 1714 1403 1752; x_wconf 85' lang='lat'><strong>58</strong></span> <span class='ocrx_word' id='word_1_237' title='bbox 1416 1711 1646 1766; x_wconf 82' lang='lat' dir='ltr'><strong>A—58D),</strong></span> <span class='ocrx_word' id='word_1_238' title='bbox 1678 1714 1780 1767; x_wconf 82' lang='lat' dir='ltr'><strong>quia</strong></span> <span class='ocrx_word' id='word_1_239' title='bbox 1809 1725 2008 1767; x_wconf 73' lang='lat' dir='ltr'><strong>perversa</strong></span> <span class='ocrx_word' id='word_1_240' title='bbox 2038 1710 2342 1753; x_wconf 87' lang='lat' dir='ltr'><strong>vocabulorum</strong></span> <span class='ocrx_word' id='word_1_241' title='bbox 2375 1711 2574 1766; x_wconf 86' lang='lat' dir='ltr'><strong>aspiratio</strong></span> <span class='ocrx_word' id='word_1_242' title='bbox 2604 1709 2657 1753; x_wconf 90' lang='lat' dir='ltr'><strong>ab</strong></span> 
     </span>
     <span class='ocr_line' id='line_1_21' title="bbox 300 1790 2657 1851; baseline -0 -20"><span class='ocrx_word' id='word_1_243' title='bbox 300 1791 475 1832; x_wconf 88' lang='lat' dir='ltr'><strong>homine</strong></span> <span class='ocrx_word' id='word_1_244' title='bbox 502 1790 666 1831; x_wconf 89' lang='lat' dir='ltr'><strong>urbano</strong></span> <span class='ocrx_word' id='word_1_245' title='bbox 697 1791 837 1832; x_wconf 85' lang='lat' dir='ltr'><strong>aliena</strong></span> <span class='ocrx_word' id='word_1_246' title='bbox 857 1790 1103 1844; x_wconf 70' lang='lat' dir='ltr'><strong>habebatur,</strong></span> <span class='ocrx_word' id='word_1_247' title='bbox 1126 1791 1240 1846; x_wconf 85' lang='lat' dir='ltr'><strong>quod</strong></span> <span class='ocrx_word' id='word_1_248' title='bbox 1262 1795 1427 1832; x_wconf 84' lang='lat' dir='ltr'><strong>constat</strong></span> <span class='ocrx_word' id='word_1_249' title='bbox 1457 1805 1554 1832; x_wconf 87' lang='lat' dir='ltr'><strong>cum</strong></span> <span class='ocrx_word' id='word_1_250' title='bbox 1589 1791 1719 1832; x_wconf 88' lang='lat' dir='ltr'><strong>nobili</strong></span> <span class='ocrx_word' id='word_1_251' title='bbox 1753 1792 1824 1833; x_wconf 90' lang='lat' dir='ltr'><strong>illo</strong></span> <span class='ocrx_word' id='word_1_252' title='bbox 1847 1792 1999 1833; x_wconf 88' lang='lat' dir='ltr'><strong>Catulli</strong></span> <span class='ocrx_word' id='word_1_253' title='bbox 2031 1794 2332 1851; x_wconf 78' lang='lat' dir='ltr'><strong>epigrammate</strong></span> <span class='ocrx_word' id='word_1_254' title='bbox 2354 1790 2657 1844; x_wconf 79' lang='lat' dir='ltr'><strong>Ciceronisque</strong></span> 
     </span>
     <span class='ocr_line' id='line_1_22' title="bbox 299 1869 2658 1926; baseline -0.001 -14"><span class='ocrx_word' id='word_1_255' title='bbox 299 1871 378 1912; x_wconf 79' lang='lat' dir='ltr'><strong>hac</strong></span> <span class='ocrx_word' id='word_1_256' title='bbox 407 1871 459 1913; x_wconf 91' lang='lat' dir='ltr'><strong>de</strong></span> <span class='ocrx_word' id='word_1_257' title='bbox 489 1884 534 1912; x_wconf 91' lang='lat' dir='ltr'><strong>re</strong></span> <span class='ocrx_word' id='word_1_258' title='bbox 565 1872 767 1926; x_wconf 85' lang='lat' dir='ltr'><strong>querellis</strong></span> <span class='ocrx_word' id='word_1_259' title='bbox 798 1874 873 1925; x_wconf 79' lang='lat' dir='ltr'><strong>(or.</strong></span> <span class='ocrx_word' id='word_1_260' title='bbox 911 1872 1009 1923; x_wconf 81' lang='lat'><strong>160)</strong></span> <span class='ocrx_word' id='word_1_261' title='bbox 1039 1874 1129 1911; x_wconf 87' lang='lat' dir='ltr'><strong>tum</strong></span> <span class='ocrx_word' id='word_1_262' title='bbox 1161 1871 1323 1926; x_wconf 85' lang='lat' dir='ltr'><strong>Nigidii</strong></span> <span class='ocrx_word' id='word_1_263' title='bbox 1354 1871 1494 1926; x_wconf 81' lang='lat' dir='ltr'><strong>Figuli</strong></span> <span class='ocrx_word' id='word_1_264' title='bbox 1533 1873 1778 1913; x_wconf 88' lang='lat' dir='ltr'><strong>testimonio</strong></span> <span class='ocrx_word' id='word_1_265' title='bbox 1816 1873 1945 1926; x_wconf 87' lang='lat' dir='ltr'><strong>(apud</strong></span> <span class='ocrx_word' id='word_1_266' title='bbox 1976 1872 2163 1914; x_wconf 85' lang='lat' dir='ltr'><strong>Gellium</strong></span> <span class='ocrx_word' id='word_1_267' title='bbox 2194 1870 2301 1913; x_wconf 85' lang='lat' dir='ltr'>XIII</span> <span class='ocrx_word' id='word_1_268' title='bbox 2334 1871 2396 1924; x_wconf 82' lang='lat'><strong>6):</strong></span> <span class='ocrx_word' id='word_1_269' title='bbox 2440 1869 2658 1911; x_wconf 70' lang='lat' dir='ltr'><strong>rusticus</strong></span> 
     </span>
     <span class='ocr_line' id='line_1_23' title="bbox 297 1950 2658 2006; baseline 0 -15"><span class='ocrx_word' id='word_1_270' title='bbox 297 1952 343 1999; x_wconf 76' lang='lat' dir='ltr'><strong>fit</strong></span> <span class='ocrx_word' id='word_1_271' title='bbox 371 1965 513 2000; x_wconf 70' lang='lat' dir='ltr'><strong>sev-mo,</strong></span> <span class='ocrx_word' id='word_1_272' title='bbox 543 1952 579 1991; x_wconf 70' lang='lat' dir='ltr'><strong>si</strong></span> <span class='ocrx_word' id='word_1_273' title='bbox 609 1951 793 2004; x_wconf 47' lang='lat' dir='ltr'><strong>adspires</strong></span> <span class='ocrx_word' id='word_1_274' title='bbox 816 1966 1051 2004; x_wconf 74' lang='lat' dir='ltr'><strong>perperam.</strong></span> <span class='ocrx_word' id='word_1_275' title='bbox 1112 1950 1241 1992; x_wconf 87' lang='lat' dir='ltr'><strong>Porro</strong></span> <span class='ocrx_word' id='word_1_276' title='bbox 1272 1953 1357 2005; x_wconf 87' lang='lat' dir='ltr'><strong>egit</strong></span> <span class='ocrx_word' id='word_1_277' title='bbox 1388 1952 1439 1992; x_wconf 90' lang='lat' dir='ltr'><strong>de</strong></span> <span class='ocrx_word' id='word_1_278' title='bbox 1470 1952 1486 1991; x_wconf 77' lang='lat' dir='ltr'><strong>i</strong></span> <span class='ocrx_word' id='word_1_279' title='bbox 1514 1955 1555 1992; x_wconf 86' lang='lat' dir='ltr'><strong>et</strong></span> <span class='ocrx_word' id='word_1_280' title='bbox 1585 1952 1620 1992; x_wconf 74' lang='lat' dir='ltr'><strong>ei</strong></span> <span class='ocrx_word' id='word_1_281' title='bbox 1650 1952 1860 1993; x_wconf 84' lang='lat' dir='ltr'><strong>vocalium</strong></span> <span class='ocrx_word' id='word_1_282' title='bbox 1893 1952 2175 2006; x_wconf 86' lang='lat' dir='ltr'><strong>discrepantia</strong></span> <span class='ocrx_word' id='word_1_283' title='bbox 2206 1952 2349 1993; x_wconf 84' lang='lat' dir='ltr'><strong>ascitis</strong></span> <span class='ocrx_word' id='word_1_284' title='bbox 2378 1950 2531 1993; x_wconf 88' lang='lat' dir='ltr'><strong>Lucilii</strong></span> <span class='ocrx_word' id='word_1_285' title='bbox 2563 1963 2658 1992; x_wconf 81' lang='lat' dir='ltr'><strong>vcr-</strong></span> 
     </span>
     <span class='ocr_line' id='line_1_24' title="bbox 299 2029 2655 2085; baseline 0 -14"><span class='ocrx_word' id='word_1_286' title='bbox 299 2032 420 2072; x_wconf 89' lang='lat' dir='ltr'><strong>sibus</strong></span> <span class='ocrx_word' id='word_1_287' title='bbox 445 2032 683 2073; x_wconf 86' lang='lat' dir='ltr'><strong>notissimis</strong></span> <span class='ocrx_word' id='word_1_288' title='bbox 714 2031 773 2083; x_wconf 83' lang='lat' dir='ltr'><strong>(fr.</strong></span> <span class='ocrx_word' id='word_1_289' title='bbox 807 2033 862 2070; x_wconf 85' lang='lat'><strong>44</strong></span> <span class='ocrx_word' id='word_1_290' title='bbox 893 2031 992 2085; x_wconf 83' lang='lat' dir='ltr'><strong>Sq.):</strong></span> <span class='ocrx_word' id='word_1_291' title='bbox 1026 2031 1138 2085; x_wconf 89' lang='lat' dir='ltr'><strong>quod</strong></span> <span class='ocrx_word' id='word_1_292' title='bbox 1172 2045 1255 2085; x_wconf 86' lang='lat' dir='ltr'><strong>qua</strong></span> <span class='ocrx_word' id='word_1_293' title='bbox 1286 2031 1337 2071; x_wconf 89' lang='lat' dir='ltr'><strong>de</strong></span> <span class='ocrx_word' id='word_1_294' title='bbox 1368 2045 1497 2072; x_wconf 81' lang='lat' dir='ltr'><strong>causa</strong></span> <span class='ocrx_word' id='word_1_295' title='bbox 1527 2032 1685 2084; x_wconf 86' lang='lat' dir='ltr'><strong>fecerit,</strong></span> <span class='ocrx_word' id='word_1_296' title='bbox 1713 2033 1865 2073; x_wconf 83' lang='lat' dir='ltr'><strong>iterum</strong></span> <span class='ocrx_word' id='word_1_297' title='bbox 1898 2032 2019 2073; x_wconf 84' lang='lat' dir='ltr'><strong>docet</strong></span> <span class='ocrx_word' id='word_1_298' title='bbox 2048 2032 2194 2073; x_wconf 87' lang='lat' dir='ltr'><strong>Cicero</strong></span> <span class='ocrx_word' id='word_1_299' title='bbox 2225 2032 2274 2072; x_wconf 82' lang='lat' dir='ltr'><strong>(le</strong></span> <span class='ocrx_word' id='word_1_300' title='bbox 2302 2045 2360 2071; x_wconf 82' lang='lat' dir='ltr'><strong>or.</strong></span> <span class='ocrx_word' id='word_1_301' title='bbox 2390 2029 2453 2071; x_wconf 81' lang='lat'><strong>111</strong></span> <span class='ocrx_word' id='word_1_302' title='bbox 2486 2031 2552 2083; x_wconf 83' lang='lat'><strong>12,</strong></span> <span class='ocrx_word' id='word_1_303' title='bbox 2581 2030 2655 2071; x_wconf 84' lang='lat'><strong>46:</strong></span> 
     </span>
     <span class='ocr_line' id='line_1_25' title="bbox 299 2109 2656 2164; baseline -0 -13"><span class='ocrx_word' id='word_1_304' title='bbox 299 2111 413 2151; x_wconf 77' lang='lat' dir='ltr'><strong>Cotta</strong></span> <span class='ocrx_word' id='word_1_305' title='bbox 436 2143 444 2150; x_wconf 93' lang='lat'>.</span> <span class='ocrx_word' id='word_1_306' title='bbox 467 2142 475 2150; x_wconf 89' lang='lat'><strong>.</strong></span> <span class='ocrx_word' id='word_1_307' title='bbox 498 2143 521 2163; x_wconf 85' lang='lat'><strong>.,</strong></span> <span class='ocrx_word' id='word_1_308' title='bbox 550 2110 661 2150; x_wconf 73' lang='lat' dir='ltr'><strong>cuius</strong></span> <span class='ocrx_word' id='word_1_309' title='bbox 688 2117 730 2149; x_wconf 71' lang='lat' dir='ltr'><strong>tu</strong></span> <span class='ocrx_word' id='word_1_310' title='bbox 759 2110 829 2149; x_wconf 77' lang='lat' dir='ltr'><strong>illa</strong></span> <span class='ocrx_word' id='word_1_311' title='bbox 855 2109 937 2150; x_wconf 77' lang='grc' dir='ltr'><em>Ιαιιι</em></span> <span class='ocrx_word' id='word_1_312' title='bbox 959 2141 966 2149; x_wconf 94' lang='grc'><em>.</em></span> <span class='ocrx_word' id='word_1_313' title='bbox 991 2142 999 2150; x_wconf 92' lang='grc'><strong>.</strong></span> <span class='ocrx_word' id='word_1_314' title='bbox 1025 2140 1033 2148; x_wconf 95' lang='grc'><strong>.</strong></span> <span class='ocrx_word' id='word_1_315' title='bbox 1055 2125 1353 2164; x_wconf 71' lang='lat' dir='ltr'><strong>nonnumquam</strong></span> <span class='ocrx_word' id='word_1_316' title='bbox 1383 2111 1565 2158; x_wconf 68' lang='grc' dir='ltr'><strong>ἰιηίίιινὶκ,</strong></span> <span class='ocrx_word' id='word_1_317' title='bbox 1599 2118 1638 2149; x_wconf 76' lang='lat' dir='ltr'><strong>ut</strong></span> <span class='ocrx_word' id='word_1_318' title='bbox 1666 2112 1745 2150; x_wconf 76' lang='lat' dir='ltr'><strong>iota</strong></span> <span class='ocrx_word' id='word_1_319' title='bbox 1773 2111 1944 2151; x_wconf 56' lang='lat' dir='ltr'><strong>luteram</strong></span> <span class='ocrx_word' id='word_1_320' title='bbox 1974 2111 2088 2151; x_wconf 80' lang='lat' dir='ltr'><strong>tollas</strong></span> <span class='ocrx_word' id='word_1_321' title='bbox 2116 2119 2150 2152; x_wconf 77' lang='lat' dir='ltr'><strong>et</strong></span> <span class='ocrx_word' id='word_1_322' title='bbox 2182 2119 2204 2150; x_wconf 76' lang='grc' dir='ltr'><em>ἒ</em></span> <span class='ocrx_word' id='word_1_323' title='bbox 2229 2111 2505 2164; x_wconf 73' lang='lat' dir='ltr'><strong>plenissimum</strong></span> <span class='ocrx_word' id='word_1_324' title='bbox 2532 2110 2656 2157; x_wconf 69' lang='lat' dir='ltr'><strong>diem,</strong></span> 
     </span>
     <span class='ocr_line' id='line_1_26' title="bbox 296 2187 2655 2246; baseline 0 -18"><span class='ocrx_word' id='word_1_325' title='bbox 296 2203 373 2230; x_wconf 79' lang='lat' dir='ltr'><strong>nou</strong></span> <span class='ocrx_word' id='word_1_326' title='bbox 403 2189 506 2230; x_wconf 73' lang='lat' dir='ltr'><strong>milei</strong></span> <span class='ocrx_word' id='word_1_327' title='bbox 532 2197 710 2230; x_wconf 73' lang='lat' dir='ltr'><strong>oratores</strong></span> <span class='ocrx_word' id='word_1_328' title='bbox 742 2190 924 2244; x_wconf 70' lang='lat' dir='ltr'><strong>autuluos</strong></span> <span class='ocrx_word' id='word_1_329' title='bbox 953 2190 1022 2230; x_wconf 77' lang='lat' dir='ltr'><strong>sed</strong></span> <span class='ocrx_word' id='word_1_330' title='bbox 1055 2204 1290 2229; x_wconf 75' lang='lat' dir='ltr'><strong>messore-s·</strong></span> <span class='ocrx_word' id='word_1_331' title='bbox 1320 2190 1472 2229; x_wconf 66' lang='lat' dir='ltr'><strong>ridetur</strong></span> <span class='ocrx_word' id='word_1_332' title='bbox 1502 2191 1662 2230; x_wconf 74' lang='lat' dir='ltr'><strong>inu&#39;tari.</strong></span> <span class='ocrx_word' id='word_1_333' title='bbox 1726 2190 1859 2231; x_wconf 87' lang='lat' dir='ltr'><strong>Cuius</strong></span> <span class='ocrx_word' id='word_1_334' title='bbox 1887 2204 1992 2232; x_wconf 85' lang='lat' dir='ltr'><strong>usus</strong></span> <span class='ocrx_word' id='word_1_335' title='bbox 2023 2191 2221 2246; x_wconf 79' lang='lat' dir='ltr'><strong>exempla</strong></span> <span class='ocrx_word' id='word_1_336' title='bbox 2254 2190 2373 2232; x_wconf 79' lang='lat' dir='ltr'><strong>affert</strong></span> <span class='ocrx_word' id='word_1_337' title='bbox 2404 2191 2494 2245; x_wconf 78' lang='lat' dir='ltr'><strong>ipse</strong></span> <span class='ocrx_word' id='word_1_338' title='bbox 2529 2187 2655 2231; x_wconf 74' lang='lat' dir='ltr'><strong>Varro</strong></span> 
     </span>
     <span class='ocr_line' id='line_1_27' title="bbox 295 2269 2656 2325; baseline -0 -14"><span class='ocrx_word' id='word_1_339' title='bbox 295 2286 329 2314; x_wconf 77' lang='lat' dir='ltr'><strong>r.</strong></span> <span class='ocrx_word' id='word_1_340' title='bbox 358 2286 393 2311; x_wconf 80' lang='lat' dir='ltr'><strong>r.</strong></span> <span class='ocrx_word' id='word_1_341' title='bbox 423 2270 443 2311; x_wconf 90' lang='lat' dir='ltr'>l</span> <span class='ocrx_word' id='word_1_342' title='bbox 474 2272 514 2324; x_wconf 79' lang='lat'><strong>2,</strong></span> <span class='ocrx_word' id='word_1_343' title='bbox 547 2272 597 2311; x_wconf 90' lang='lat'><strong>14</strong></span> <span class='ocrx_word' id='word_1_344' title='bbox 636 2271 775 2310; x_wconf 71' lang='lat' dir='ltr'><strong>rustici</strong></span> <span class='ocrx_word' id='word_1_345' title='bbox 815 2271 931 2309; x_wconf 70' lang='lat' dir='ltr'><strong>etiam</strong></span> <span class='ocrx_word' id='word_1_346' title='bbox 973 2285 1076 2309; x_wconf 71' lang='lat' dir='ltr'><strong>‘nuuc</strong></span> <span class='ocrx_word' id='word_1_347' title='bbox 1121 2285 1273 2325; x_wconf 74' lang='lat' dir='ltr'><strong>quoquc</strong></span> <span class='ocrx_word' id='word_1_348' title='bbox 1320 2271 1420 2310; x_wconf 72' lang='lat' dir='ltr'><strong>riam</strong></span> <span class='ocrx_word' id='word_1_349' title='bbox 1472 2269 1604 2309; x_wconf 66' lang='lat' dir='ltr'><strong>veham</strong></span> <span class='ocrx_word' id='word_1_350' title='bbox 1644 2270 1851 2322; x_wconf 70' lang='lat' dir='ltr'><strong>appellant</strong></span> <span class='ocrx_word' id='word_1_351' title='bbox 1894 2274 1935 2311; x_wconf 74' lang='lat' dir='ltr'><strong>et</strong></span> <span class='ocrx_word' id='word_1_352' title='bbox 1976 2269 1993 2310; x_wconf 92' lang='lat' dir='ltr'><strong>I</strong></span> <span class='ocrx_word' id='word_1_353' title='bbox 2025 2272 2093 2323; x_wconf 73' lang='lat'><strong>48,</strong></span> <span class='ocrx_word' id='word_1_354' title='bbox 2125 2271 2150 2311; x_wconf 91' lang='lat'><strong>3</strong></span> <span class='ocrx_word' id='word_1_355' title='bbox 2177 2271 2288 2324; x_wconf 68' lang='lat' dir='ltr'><strong>spica</strong></span> <span class='ocrx_word' id='word_1_356' title='bbox 2319 2306 2328 2315; x_wconf 84' lang='grc'>,</span> <span class='ocrx_word' id='word_1_357' title='bbox 2347 2303 2388 2312; x_wconf 90' lang='grc'><strong>..</strong></span> <span class='ocrx_word' id='word_1_358' title='bbox 2421 2270 2570 2320; x_wconf 64' lang='lat' dir='ltr'><strong>rustici,</strong></span> <span class='ocrx_word' id='word_1_359' title='bbox 2613 2277 2656 2310; x_wconf 76' lang='lat' dir='ltr'><strong>ut</strong></span> 
     </span>
     <span class='ocr_line' id='line_1_28' title="bbox 294 2350 2653 2406; baseline 0.001 -17"><span class='ocrx_word' id='word_1_360' title='bbox 294 2357 529 2404; x_wconf 64' lang='lat' dir='ltr'><strong>acceperunt</strong></span> <span class='ocrx_word' id='word_1_361' title='bbox 558 2350 788 2406; x_wconf 74' lang='lat' dir='ltr'><strong>antiquitus,</strong></span> <span class='ocrx_word' id='word_1_362' title='bbox 810 2356 948 2390; x_wconf 69' lang='lat' dir='ltr'><strong>vocant</strong></span> <span class='ocrx_word' id='word_1_363' title='bbox 976 2365 1155 2402; x_wconf 72' lang='lat' dir='ltr'><strong>specum.-</strong></span> <span class='ocrx_word' id='word_1_364' title='bbox 1187 2363 1296 2404; x_wconf 85' lang='lat' dir='ltr'><strong>quae</strong></span> <span class='ocrx_word' id='word_1_365' title='bbox 1316 2353 1527 2404; x_wconf 78' lang='lat' dir='ltr'><strong>postrema</strong></span> <span class='ocrx_word' id='word_1_366' title='bbox 1558 2350 1760 2403; x_wconf 79' lang='lat' dir='ltr'><strong>adscripsi</strong></span> <span class='ocrx_word' id='word_1_367' title='bbox 1783 2354 1950 2404; x_wconf 86' lang='lat' dir='ltr'><strong>propter</strong></span> <span class='ocrx_word' id='word_1_368' title='bbox 1970 2352 2281 2404; x_wconf 84' lang='lat' dir='ltr'><strong>cognationem,</strong></span> <span class='ocrx_word' id='word_1_369' title='bbox 2303 2364 2387 2405; x_wconf 89' lang='lat' dir='ltr'><strong>qua</strong></span> <span class='ocrx_word' id='word_1_370' title='bbox 2413 2362 2653 2392; x_wconf 84' lang='lat' dir='ltr'><strong>sermonem</strong></span> 
     </span>
     <span class='ocr_line' id='line_1_29' title="bbox 295 2429 2655 2485; baseline -0.001 -12"><span class='ocrx_word' id='word_1_371' title='bbox 295 2432 500 2473; x_wconf 87' lang='lat' dir='ltr'><strong>rusticum</strong></span> <span class='ocrx_word' id='word_1_372' title='bbox 532 2442 630 2472; x_wconf 88' lang='lat' dir='ltr'><strong>cum</strong></span> <span class='ocrx_word' id='word_1_373' title='bbox 663 2430 839 2485; x_wconf 85' lang='lat' dir='ltr'><strong>antiquo</strong></span> <span class='ocrx_word' id='word_1_374' title='bbox 870 2431 1146 2471; x_wconf 88' lang='lat' dir='ltr'><strong>coniunctum</strong></span> <span class='ocrx_word' id='word_1_375' title='bbox 1181 2442 1276 2470; x_wconf 85' lang='lat' dir='ltr'><strong>esse</strong></span> <span class='ocrx_word' id='word_1_376' title='bbox 1300 2429 1432 2470; x_wconf 85' lang='lat' dir='ltr'><strong>Varro</strong></span> <span class='ocrx_word' id='word_1_377' title='bbox 1463 2430 1583 2479; x_wconf 75' lang='lat' dir='ltr'><strong>dicit,</strong></span> <span class='ocrx_word' id='word_1_378' title='bbox 1614 2430 1749 2470; x_wconf 78' lang='lat' dir='ltr'><strong>fnisse</strong></span> <span class='ocrx_word' id='word_1_379' title='bbox 1780 2432 1894 2471; x_wconf 78' lang='lat' dir='ltr'><strong>enini</strong></span> <span class='ocrx_word' id='word_1_380' title='bbox 1919 2432 1993 2484; x_wconf 90' lang='lat' dir='ltr'><strong>qui</strong></span> <span class='ocrx_word' id='word_1_381' title='bbox 2021 2431 2177 2471; x_wconf 86' lang='lat' dir='ltr'><strong>rustice</strong></span> <span class='ocrx_word' id='word_1_382' title='bbox 2206 2431 2429 2485; x_wconf 87' lang='lat' dir='ltr'><strong>loquentes</strong></span> <span class='ocrx_word' id='word_1_383' title='bbox 2459 2433 2655 2485; x_wconf 80' lang='lat' dir='ltr'><strong>putarent</strong></span> 
     </span>
     <span class='ocr_line' id='line_1_30' title="bbox 297 2509 2655 2565; baseline -0.001 -14"><span class='ocrx_word' id='word_1_384' title='bbox 297 2522 342 2551; x_wconf 85' lang='lat' dir='ltr'><strong>se</strong></span> <span class='ocrx_word' id='word_1_385' title='bbox 373 2510 492 2565; x_wconf 90' lang='lat' dir='ltr'><strong>loqui</strong></span> <span class='ocrx_word' id='word_1_386' title='bbox 525 2510 700 2564; x_wconf 88' lang='lat' dir='ltr'><strong>antique</strong></span> <span class='ocrx_word' id='word_1_387' title='bbox 732 2509 880 2550; x_wconf 84' lang='lat' dir='ltr'><strong>Cicero</strong></span> <span class='ocrx_word' id='word_1_388' title='bbox 913 2509 1038 2549; x_wconf 84' lang='lat' dir='ltr'><strong>allato</strong></span> <span class='ocrx_word' id='word_1_389' title='bbox 1072 2509 1263 2549; x_wconf 87' lang='lat' dir='ltr'><strong>eiusdem</strong></span> <span class='ocrx_word' id='word_1_390' title='bbox 1295 2509 1438 2549; x_wconf 87' lang='lat' dir='ltr'><strong>Cottae</strong></span> <span class='ocrx_word' id='word_1_391' title='bbox 1466 2511 1663 2563; x_wconf 87' lang='lat' dir='ltr'><strong>exemplo</strong></span> <span class='ocrx_word' id='word_1_392' title='bbox 1703 2511 1895 2564; x_wconf 87' lang='lat' dir='ltr'><strong>queritur</strong></span> <span class='ocrx_word' id='word_1_393' title='bbox 1928 2510 1976 2548; x_wconf 75' lang='lat' dir='ltr'><strong>de</strong></span> <span class='ocrx_word' id='word_1_394' title='bbox 2005 2524 2063 2549; x_wconf 81' lang='lat' dir='ltr'><strong>or.</strong></span> <span class='ocrx_word' id='word_1_395' title='bbox 2094 2509 2156 2549; x_wconf 88' lang='lat'><strong>111</strong></span> <span class='ocrx_word' id='word_1_396' title='bbox 2190 2511 2258 2562; x_wconf 87' lang='lat'><strong>11,</strong></span> <span class='ocrx_word' id='word_1_397' title='bbox 2286 2511 2359 2550; x_wconf 75' lang='lat'><strong>42:</strong></span> <span class='ocrx_word' id='word_1_398' title='bbox 2395 2510 2542 2550; x_wconf 74' lang='lat' dir='ltr'><strong>rustica</strong></span> <span class='ocrx_word' id='word_1_399' title='bbox 2578 2524 2655 2550; x_wconf 70' lang='lat' dir='ltr'><strong>voa·</strong></span> 
     </span>
     <span class='ocr_line' id='line_1_31' title="bbox 295 2587 2652 2644; baseline -0 -14"><span class='ocrx_word' id='word_1_400' title='bbox 295 2596 329 2631; x_wconf 78' lang='lat' dir='ltr'><strong>et</strong></span> <span class='ocrx_word' id='word_1_401' title='bbox 358 2589 523 2644; x_wconf 64' lang='lat' dir='ltr'><strong>agn-estis</strong></span> <span class='ocrx_word' id='word_1_402' title='bbox 551 2588 745 2643; x_wconf 77' lang='lat' dir='ltr'><strong>quosdam.</strong></span> <span class='ocrx_word' id='word_1_403' title='bbox 785 2587 961 2635; x_wconf 72' lang='lat' dir='ltr'><strong>delectat,</strong></span> <span class='ocrx_word' id='word_1_404' title='bbox 1000 2602 1077 2642; x_wconf 76' lang='lat' dir='ltr'><strong>quo</strong></span> <span class='ocrx_word' id='word_1_405' title='bbox 1107 2588 1234 2641; x_wconf 69' lang='lat' dir='ltr'><strong>maqls</strong></span> <span class='ocrx_word' id='word_1_406' title='bbox 1263 2588 1550 2642; x_wconf 75' lang='lat' dir='ltr'><strong>antiquitatem,</strong></span> <span class='ocrx_word' id='word_1_407' title='bbox 1583 2589 1619 2627; x_wconf 64' lang='lat' dir='ltr'><strong>si</strong></span> <span class='ocrx_word' id='word_1_408' title='bbox 1648 2589 1702 2627; x_wconf 74' lang='grc' dir='ltr'><strong>ἱιιι</strong></span> <span class='ocrx_word' id='word_1_409' title='bbox 1729 2595 1850 2635; x_wconf 72' lang='lat' dir='ltr'><strong>sonet,</strong></span> <span class='ocrx_word' id='word_1_410' title='bbox 1882 2603 2016 2628; x_wconf 80' lang='lat' dir='ltr'><strong>eorum</strong></span> <span class='ocrx_word' id='word_1_411' title='bbox 2048 2603 2176 2628; x_wconf 80' lang='lat' dir='ltr'><strong>sermo</strong></span> <span class='ocrx_word' id='word_1_412' title='bbox 2211 2590 2378 2629; x_wconf 74' lang='lat' dir='ltr'><strong>retinere</strong></span> <span class='ocrx_word' id='word_1_413' title='bbox 2406 2589 2579 2639; x_wconf 72' lang='lat' dir='ltr'><strong>ridetur-3</strong></span> <span class='ocrx_word' id='word_1_414' title='bbox 2610 2596 2652 2629; x_wconf 82' lang='lat' dir='ltr'><strong>ut</strong></span> 
     </span>
     <span class='ocr_line' id='line_1_32' title="bbox 294 2665 2654 2722; baseline -0.001 -13"><span class='ocrx_word' id='word_1_415' title='bbox 294 2675 396 2718; x_wconf 73' lang='lat' dir='ltr'><strong>tuus,</strong></span> <span class='ocrx_word' id='word_1_416' title='bbox 427 2667 580 2718; x_wconf 74' lang='lat' dir='ltr'><strong>Catule,</strong></span> <span class='ocrx_word' id='word_1_417' title='bbox 610 2667 758 2709; x_wconf 75' lang='lat' dir='ltr'><strong>sodalis</strong></span> <span class='ocrx_word' id='word_1_418' title='bbox 789 2665 840 2712; x_wconf 77' lang='lat' dir='ltr'><strong>L,</strong></span> <span class='ocrx_word' id='word_1_419' title='bbox 872 2667 987 2708; x_wconf 66' lang='lat' dir='ltr'><strong>(Ietta</strong></span> <span class='ocrx_word' id='word_1_420' title='bbox 1014 2666 1189 2720; x_wconf 73' lang='lat' dir='ltr'><strong>qaudere</strong></span> <span class='ocrx_word' id='word_1_421' title='bbox 1217 2665 1316 2706; x_wconf 69' lang='lat' dir='ltr'><strong>milei</strong></span> <span class='ocrx_word' id='word_1_422' title='bbox 1344 2666 1498 2707; x_wconf 71' lang='lat' dir='ltr'><strong>ridetur</strong></span> <span class='ocrx_word' id='word_1_423' title='bbox 1535 2667 1729 2720; x_wconf 63' lang='lat' dir='ltr'><strong>yria-leuce</strong></span> <span class='ocrx_word' id='word_1_424' title='bbox 1767 2667 1924 2720; x_wconf 70' lang='lat' dir='ltr'><strong>linquae</strong></span> <span class='ocrx_word' id='word_1_425' title='bbox 1961 2681 2130 2722; x_wconf 74' lang='lat' dir='ltr'><strong>sonoque</strong></span> <span class='ocrx_word' id='word_1_426' title='bbox 2168 2669 2270 2707; x_wconf 56' lang='lat' dir='ltr'><strong>voa-1⁰⁸</strong></span> <span class='ocrx_word' id='word_1_427' title='bbox 2307 2668 2455 2721; x_wconf 73' lang='lat' dir='ltr'><strong>ayrestz&#39;</strong></span> <span class='ocrx_word' id='word_1_428' title='bbox 2489 2675 2524 2707; x_wconf 80' lang='lat' dir='ltr'><strong>et</strong></span> <span class='ocrx_word' id='word_1_429' title='bbox 2552 2668 2654 2707; x_wconf 71' lang='lat' dir='ltr'><strong>illud</strong></span> 
     </span>
    </p>
   </div>
   <div class='ocr_carea' id='block_1_5' title="bbox 294 2745 2651 2804">
    <p class='ocr_par' dir='ltr' id='par_1_5' title="bbox 294 2745 2651 2804">
     <span class='ocr_line' id='line_1_33' title="bbox 294 2745 2651 2804; baseline 0 -15"><span class='ocrx_word' id='word_1_430' title='bbox 294 2747 402 2804; x_wconf 76' lang='lat' dir='ltr'><strong>quod</strong></span> <span class='ocrx_word' id='word_1_431' title='bbox 430 2747 603 2804; x_wconf 75' lang='lat' dir='ltr'><strong>loquitur</strong></span> <span class='ocrx_word' id='word_1_432' title='bbox 624 2747 809 2801; x_wconf 73' lang='lat' dir='ltr'><strong>prlsmtm</strong></span> <span class='ocrx_word' id='word_1_433' title='bbox 844 2747 967 2788; x_wconf 70' lang='lat' dir='ltr'><strong>vvisum</strong></span> <span class='ocrx_word' id='word_1_434' title='bbox 1000 2747 1053 2787; x_wconf 76' lang='grc' dir='ltr'><strong>ἑνί</strong></span> <span class='ocrx_word' id='word_1_435' title='bbox 1088 2752 1223 2799; x_wconf 70' lang='lat' dir='ltr'><strong>pietat,</strong></span> <span class='ocrx_word' id='word_1_436' title='bbox 1261 2746 1296 2785; x_wconf 73' lang='lat' dir='ltr'><strong>si</strong></span> <span class='ocrx_word' id='word_1_437' title='bbox 1322 2745 1444 2798; x_wconf 75' lang='lat' dir='ltr'><strong>plane</strong></span> <span class='ocrx_word' id='word_1_438' title='bbox 1465 2746 1594 2800; x_wconf 68' lang='lat' dir='ltr'><strong>fuet-ic</strong></span> <span class='ocrx_word' id='word_1_439' title='bbox 1636 2747 1875 2786; x_wconf 68' lang='lat' dir='ltr'><strong>ruscieannm</strong></span> <span class='ocrx_word' id='word_1_440' title='bbox 1915 2747 2124 2796; x_wconf 80' lang='lat' dir='ltr'><strong>(similiter</strong></span> <span class='ocrx_word' id='word_1_441' title='bbox 2155 2747 2273 2787; x_wconf 76' lang='lat' dir='ltr'><strong>Brut.</strong></span> <span class='ocrx_word' id='word_1_442' title='bbox 2310 2747 2451 2799; x_wconf 74' lang='lat'><strong>137).⁴)</strong></span> <span class='ocrx_word' id='word_1_443' title='bbox 2509 2749 2651 2803; x_wconf 81' lang='lat' dir='ltr'><strong>Atque</strong></span> 
     </span>
    </p>
   </div>
   <div class='ocr_carea' id='block_1_6' title="bbox 291 2862 2651 3605">
    <p class='ocr_par' dir='ltr' id='par_1_6' title="bbox 293 2862 2651 3027">
     <span class='ocr_line' id='line_1_34' title="bbox 521 2862 2649 2909; baseline 0 -9"><span class='ocrx_word' id='word_1_444' title='bbox 521 2866 558 2907; x_wconf 87' lang='lat'><strong>1)</strong></span> <span class='ocrx_word' id='word_1_445' title='bbox 584 2864 774 2899; x_wconf 83' lang='lat' dir='ltr'><strong>Diomedes</strong></span> <span class='ocrx_word' id='word_1_446' title='bbox 799 2864 860 2909; x_wconf 78' lang='lat' dir='ltr'><strong>qui</strong></span> <span class='ocrx_word' id='word_1_447' title='bbox 886 2864 975 2899; x_wconf 79' lang='lat' dir='ltr'><strong>haec</strong></span> <span class='ocrx_word' id='word_1_448' title='bbox 1000 2863 1177 2899; x_wconf 77' lang='lat' dir='ltr'><strong>truditex</strong></span> <span class='ocrx_word' id='word_1_449' title='bbox 1206 2863 1376 2898; x_wconf 81' lang='lat' dir='ltr'><strong>Varronis</strong></span> <span class='ocrx_word' id='word_1_450' title='bbox 1401 2862 1489 2897; x_wconf 85' lang='lat' dir='ltr'><strong>libro</strong></span> <span class='ocrx_word' id='word_1_451' title='bbox 1514 2863 1555 2895; x_wconf 72' lang='lat' dir='ltr'><strong>da·</strong></span> <span class='ocrx_word' id='word_1_452' title='bbox 1581 2864 1802 2905; x_wconf 70' lang='lat' dir='ltr'><strong>yramnmtica</strong></span> <span class='ocrx_word' id='word_1_453' title='bbox 1829 2864 1969 2899; x_wconf 85' lang='lat' dir='ltr'><strong>videtur</strong></span> <span class='ocrx_word' id='word_1_454' title='bbox 1994 2864 2154 2899; x_wconf 83' lang='lat' dir='ltr'><strong>hausisse</strong></span> <span class='ocrx_word' id='word_1_455' title='bbox 2193 2864 2255 2907; x_wconf 79' lang='lat' dir='ltr'><strong>(cf.</strong></span> <span class='ocrx_word' id='word_1_456' title='bbox 2282 2863 2461 2900; x_wconf 79' lang='lat' dir='ltr'><strong>Usenorus</strong></span> <span class='ocrx_word' id='word_1_457' title='bbox 2486 2865 2522 2900; x_wconf 90' lang='lat' dir='ltr'><strong>in</strong></span> <span class='ocrx_word' id='word_1_458' title='bbox 2548 2866 2649 2901; x_wconf 83' lang='lat' dir='ltr'><strong>nunt.</strong></span> 
     </span>
     <span class='ocr_line' id='line_1_35' title="bbox 295 2919 2651 2968; baseline -0.001 -9"><span class='ocrx_word' id='word_1_459' title='bbox 295 2923 393 2959; x_wconf 79' lang='lat' dir='ltr'><strong>acad.</strong></span> <span class='ocrx_word' id='word_1_460' title='bbox 425 2923 552 2959; x_wconf 76' lang='lat' dir='ltr'><strong>Bavar.</strong></span> <span class='ocrx_word' id='word_1_461' title='bbox 581 2923 671 2959; x_wconf 81' lang='lat'>1892</span> <span class='ocrx_word' id='word_1_462' title='bbox 705 2933 737 2968; x_wconf 87' lang='lat' dir='ltr'><strong>p.</strong></span> <span class='ocrx_word' id='word_1_463' title='bbox 765 2923 844 2963; x_wconf 75' lang='lat'><strong>623,</strong></span> <span class='ocrx_word' id='word_1_464' title='bbox 874 2925 887 2957; x_wconf 86' lang='lat'>1</span> <span class='ocrx_word' id='word_1_465' title='bbox 917 2924 954 2957; x_wconf 87' lang='lat' dir='ltr'><strong>ct</strong></span> <span class='ocrx_word' id='word_1_466' title='bbox 978 2933 1011 2968; x_wconf 83' lang='lat' dir='ltr'><strong>p.</strong></span> <span class='ocrx_word' id='word_1_467' title='bbox 1037 2922 1142 2965; x_wconf 76' lang='lat' dir='ltr'><strong>642J3</strong></span> <span class='ocrx_word' id='word_1_468' title='bbox 1182 2921 1243 2956; x_wconf 74' lang='lat' dir='ltr'><strong>sed</strong></span> <span class='ocrx_word' id='word_1_469' title='bbox 1275 2920 1421 2956; x_wconf 82' lang='lat' dir='ltr'><strong>eandem</strong></span> <span class='ocrx_word' id='word_1_470' title='bbox 1459 2920 1701 2956; x_wconf 73' lang='lat' dir='ltr'><strong>definitionem</strong></span> <span class='ocrx_word' id='word_1_471' title='bbox 1740 2922 1850 2956; x_wconf 78' lang='lat' dir='ltr'><strong>etium</strong></span> <span class='ocrx_word' id='word_1_472' title='bbox 1877 2921 1910 2955; x_wconf 90' lang='lat' dir='ltr'><strong>in</strong></span> <span class='ocrx_word' id='word_1_473' title='bbox 1937 2921 2036 2955; x_wconf 82' lang='lat' dir='ltr'><strong>libris</strong></span> <span class='ocrx_word' id='word_1_474' title='bbox 2062 2921 2102 2953; x_wconf 81' lang='lat' dir='ltr'><strong>de</strong></span> <span class='ocrx_word' id='word_1_475' title='bbox 2126 2933 2223 2954; x_wconf 70' lang='lat' dir='ltr'><strong>serm.</strong></span> <span class='ocrx_word' id='word_1_476' title='bbox 2252 2921 2314 2953; x_wconf 75' lang='lat' dir='ltr'><strong>lat.</strong></span> <span class='ocrx_word' id='word_1_477' title='bbox 2339 2921 2455 2956; x_wconf 82' lang='lat' dir='ltr'><strong>locum</strong></span> <span class='ocrx_word' id='word_1_478' title='bbox 2482 2919 2651 2957; x_wconf 84' lang='lat' dir='ltr'><strong>habuisse</strong></span> 
     </span>
     <span class='ocr_line' id='line_1_36' title="bbox 293 2983 553 3027; baseline -0.008 -10"><span class='ocrx_word' id='word_1_479' title='bbox 293 2992 356 3027; x_wconf 85' lang='lat' dir='ltr'><strong>per</strong></span> <span class='ocrx_word' id='word_1_480' title='bbox 379 2992 416 3017; x_wconf 85' lang='lat' dir='ltr'><strong>se</strong></span> <span class='ocrx_word' id='word_1_481' title='bbox 441 2983 553 3027; x_wconf 82' lang='lat' dir='ltr'><strong>patet.</strong></span> 
     </span>
    </p>

    <p class='ocr_par' dir='ltr' id='par_1_7' title="bbox 518 3035 2135 3082">
     <span class='ocr_line' id='line_1_37' title="bbox 518 3035 2135 3082; baseline -0.001 -10"><span class='ocrx_word' id='word_1_482' title='bbox 518 3040 558 3080; x_wconf 78' lang='lat'><strong>⁶2)</strong></span> <span class='ocrx_word' id='word_1_483' title='bbox 585 3038 692 3073; x_wconf 90' lang='lat' dir='ltr'><strong>Vides</strong></span> <span class='ocrx_word' id='word_1_484' title='bbox 715 3039 846 3073; x_wconf 87' lang='lat' dir='ltr'><strong>iterum</strong></span> <span class='ocrx_word' id='word_1_485' title='bbox 871 3038 987 3072; x_wconf 79' lang='lat' dir='ltr'><strong>notari</strong></span> <span class='ocrx_word' id='word_1_486' title='bbox 1014 3049 1151 3072; x_wconf 85' lang='lat' dir='ltr'><strong>merum</strong></span> <span class='ocrx_word' id='word_1_487' title='bbox 1180 3037 1394 3081; x_wconf 78' lang='lat' dir='ltr'><strong>linguaeque</strong></span> <span class='ocrx_word' id='word_1_488' title='bbox 1419 3048 1601 3077; x_wconf 84' lang='lat' dir='ltr'><strong>conexum,</strong></span> <span class='ocrx_word' id='word_1_489' title='bbox 1629 3036 1671 3072; x_wconf 84' lang='lat' dir='ltr'><strong>de</strong></span> <span class='ocrx_word' id='word_1_490' title='bbox 1696 3050 1765 3082; x_wconf 75' lang='lat' dir='ltr'><strong>que</strong></span> <span class='ocrx_word' id='word_1_491' title='bbox 1791 3048 1899 3082; x_wconf 79' lang='lat' dir='ltr'><strong>supra</strong></span> <span class='ocrx_word' id='word_1_492' title='bbox 1924 3036 2029 3071; x_wconf 71' lang='lat' dir='ltr'><strong>verba</strong></span> <span class='ocrx_word' id='word_1_493' title='bbox 2056 3035 2135 3072; x_wconf 83' lang='lat' dir='ltr'><strong>feci.</strong></span> 
     </span>
    </p>

    <p class='ocr_par' dir='ltr' id='par_1_8' title="bbox 292 3086 2650 3427">
     <span class='ocr_line' id='line_1_38' title="bbox 517 3086 2649 3138; baseline -0.001 -7"><span class='ocrx_word' id='word_1_494' title='bbox 517 3096 553 3135; x_wconf 80' lang='lat'><strong>3&gt;</strong></span> <span class='ocrx_word' id='word_1_495' title='bbox 580 3096 706 3132; x_wconf 68' lang='lat' dir='ltr'><strong>(licere</strong></span> <span class='ocrx_word' id='word_1_496' title='bbox 733 3096 802 3131; x_wconf 87' lang='lat' dir='ltr'><strong>etsi</strong></span> <span class='ocrx_word' id='word_1_497' title='bbox 828 3097 976 3128; x_wconf 63' lang='lat' dir='ltr'><strong>urbanus</strong></span> <span class='ocrx_word' id='word_1_498' title='bbox 1001 3095 1057 3130; x_wconf 89' lang='lat' dir='ltr'><strong>sui</strong></span> <span class='ocrx_word' id='word_1_499' title='bbox 1082 3094 1160 3130; x_wconf 79' lang='lat' dir='ltr'><strong>aevi</strong></span> <span class='ocrx_word' id='word_1_500' title='bbox 1186 3093 1396 3129; x_wconf 81' lang='lat' dir='ltr'><strong>vocabulum</strong></span> <span class='ocrx_word' id='word_1_501' title='bbox 1423 3105 1498 3130; x_wconf 84' lang='lat' dir='ltr'><strong>esso</strong></span> <span class='ocrx_word' id='word_1_502' title='bbox 1523 3098 1645 3131; x_wconf 88' lang='lat' dir='ltr'><strong>conset</strong></span> <span class='ocrx_word' id='word_1_503' title='bbox 1671 3095 1729 3138; x_wconf 89' lang='lat' dir='ltr'><strong>(cf.</strong></span> <span class='ocrx_word' id='word_1_504' title='bbox 1756 3108 1804 3137; x_wconf 69' lang='lat' dir='ltr'><strong>ep.</strong></span> <span class='ocrx_word' id='word_1_505' title='bbox 1836 3094 1884 3127; x_wconf 85' lang='lat' dir='ltr'><strong>ad</strong></span> <span class='ocrx_word' id='word_1_506' title='bbox 1904 3097 1986 3136; x_wconf 76' lang='lat' dir='ltr'><strong>sana.</strong></span> <span class='ocrx_word' id='word_1_507' title='bbox 2012 3093 2069 3130; x_wconf 92' lang='lat' dir='ltr'><strong>lll</strong></span> <span class='ocrx_word' id='word_1_508' title='bbox 2093 3096 2125 3135; x_wconf 81' lang='grc'><strong>8,</strong></span> <span class='ocrx_word' id='word_1_509' title='bbox 2152 3095 2174 3128; x_wconf 81' lang='grc'><strong>3</strong></span> <span class='ocrx_word' id='word_1_510' title='bbox 2205 3101 2248 3137; x_wconf 78' lang='lat' dir='ltr'><strong>te,</strong></span> <span class='ocrx_word' id='word_1_511' title='bbox 2282 3086 2435 3128; x_wconf 74' lang='lat' dir='ltr'><strong>homin&#39;em</strong></span> <span class='ocrx_word' id='word_1_512' title='bbox 2459 3107 2521 3129; x_wconf 71' lang='lat' dir='ltr'><strong>raon</strong></span> <span class='ocrx_word' id='word_1_513' title='bbox 2546 3096 2649 3130; x_wconf 66' lang='lat' dir='ltr'><strong>solumi</strong></span> 
     </span>
     <span class='ocr_line' id='line_1_39' title="bbox 294 3152 2650 3197; baseline 0.001 -11"><span class='ocrx_word' id='word_1_514' title='bbox 294 3155 489 3197; x_wconf 67' lang='lat' dir='ltr'><strong>sapientem,</strong></span> <span class='ocrx_word' id='word_1_515' title='bbox 528 3165 638 3186; x_wconf 70' lang='lat' dir='ltr'><strong>verum</strong></span> <span class='ocrx_word' id='word_1_516' title='bbox 675 3154 782 3194; x_wconf 70' lang='lat' dir='ltr'><strong>etiam,</strong></span> <span class='ocrx_word' id='word_1_517' title='bbox 818 3160 860 3185; x_wconf 78' lang='lat' dir='ltr'><strong>ut</strong></span> <span class='ocrx_word' id='word_1_518' title='bbox 899 3166 1005 3184; x_wconf 76' lang='lat' dir='ltr'><strong>uum:</strong></span> <span class='ocrx_word' id='word_1_519' title='bbox 1047 3152 1270 3194; x_wconf 78' lang='lat' dir='ltr'><strong>loquimur,</strong></span> <span class='ocrx_word' id='word_1_520' title='bbox 1314 3154 1485 3192; x_wconf 78' lang='lat' dir='ltr'><strong>urbanum,</strong></span> <span class='ocrx_word' id='word_1_521' title='bbox 1528 3152 1605 3187; x_wconf 62' lang='lat' dir='ltr'><strong>ville</strong></span> <span class='ocrx_word' id='word_1_522' title='bbox 1637 3153 1786 3195; x_wconf 75' lang='lat' dir='ltr'><strong>Quintil.</strong></span> <span class='ocrx_word' id='word_1_523' title='bbox 1821 3154 1897 3185; x_wconf 64' lang='lat' dir='ltr'><strong>e&#39;usl.</strong></span> <span class='ocrx_word' id='word_1_524' title='bbox 1924 3165 1972 3186; x_wconf 78' lang='lat' dir='ltr'><strong>or.</strong></span> <span class='ocrx_word' id='word_1_525' title='bbox 2000 3153 2090 3188; x_wconf 80' lang='lat' dir='ltr'><strong>VIII</strong></span> <span class='ocrx_word' id='word_1_526' title='bbox 2115 3158 2149 3193; x_wconf 86' lang='lat'><strong>3,</strong></span> <span class='ocrx_word' id='word_1_527' title='bbox 2174 3155 2251 3194; x_wconf 80' lang='grc'>351,</span> <span class='ocrx_word' id='word_1_528' title='bbox 2276 3156 2397 3188; x_wconf 57' lang='lat' dir='ltr'><strong>tumen</strong></span> <span class='ocrx_word' id='word_1_529' title='bbox 2422 3154 2492 3188; x_wconf 73' lang='lat' dir='ltr'><strong>iam</strong></span> <span class='ocrx_word' id='word_1_530' title='bbox 2518 3155 2650 3190; x_wconf 76' lang='lat' dir='ltr'><strong>Lucilii</strong></span> 
     </span>
     <span class='ocr_line' id='line_1_40' title="bbox 293 3209 2650 3258; baseline 0 -11"><span class='ocrx_word' id='word_1_531' title='bbox 293 3211 514 3257; x_wconf 85' lang='lat' dir='ltr'><strong>temporibus</strong></span> <span class='ocrx_word' id='word_1_532' title='bbox 550 3211 658 3246; x_wconf 82' lang='lat' dir='ltr'><strong>facet-i</strong></span> <span class='ocrx_word' id='word_1_533' title='bbox 684 3211 859 3250; x_wconf 77' lang='lat' dir='ltr'><strong>immines,</strong></span> <span class='ocrx_word' id='word_1_534' title='bbox 897 3211 959 3256; x_wconf 80' lang='lat' dir='ltr'><strong>qui</strong></span> <span class='ocrx_word' id='word_1_535' title='bbox 995 3211 1139 3245; x_wconf 84' lang='lat' dir='ltr'><strong>fuerunt</strong></span> <span class='ocrx_word' id='word_1_536' title='bbox 1176 3210 1211 3243; x_wconf 92' lang='lat' dir='ltr'><strong>in</strong></span> <span class='ocrx_word' id='word_1_537' title='bbox 1240 3209 1323 3244; x_wconf 68' lang='lat' dir='ltr'><strong>urbe</strong></span> <span class='ocrx_word' id='word_1_538' title='bbox 1361 3221 1440 3244; x_wconf 82' lang='lat' dir='ltr'><strong>euni</strong></span> <span class='ocrx_word' id='word_1_539' title='bbox 1475 3210 1514 3244; x_wconf 89' lang='lat' dir='ltr'><strong>P.</strong></span> <span class='ocrx_word' id='word_1_540' title='bbox 1542 3210 1718 3255; x_wconf 79' lang='lat' dir='ltr'><strong>Scipione,</strong></span> <span class='ocrx_word' id='word_1_541' title='bbox 1758 3210 2051 3245; x_wconf 85' lang='lat' dir='ltr'><strong>consuetudinem</strong></span> <span class='ocrx_word' id='word_1_542' title='bbox 2078 3210 2298 3256; x_wconf 79' lang='lat' dir='ltr'><strong>quorundam</strong></span> <span class='ocrx_word' id='word_1_543' title='bbox 2324 3211 2458 3246; x_wconf 77' lang='lat' dir='ltr'><strong>rustice</strong></span> <span class='ocrx_word' id='word_1_544' title='bbox 2482 3211 2650 3258; x_wconf 82' lang='lat' dir='ltr'><strong>loquendi</strong></span> 
     </span>
     <span class='ocr_line' id='line_1_41' title="bbox 292 3267 2649 3311; baseline 0.001 -9"><span class='ocrx_word' id='word_1_545' title='bbox 292 3268 518 3302; x_wconf 82' lang='lat' dir='ltr'><strong>acerbissime</strong></span> <span class='ocrx_word' id='word_1_546' title='bbox 543 3267 789 3311; x_wconf 80' lang='lat' dir='ltr'><strong>castigabunt:</strong></span> <span class='ocrx_word' id='word_1_547' title='bbox 830 3268 913 3301; x_wconf 77' lang='lat' dir='ltr'><strong>hinc</strong></span> <span class='ocrx_word' id='word_1_548' title='bbox 938 3267 1113 3310; x_wconf 78' lang='lat' dir='ltr'><strong>originem</strong></span> <span class='ocrx_word' id='word_1_549' title='bbox 1138 3267 1240 3301; x_wconf 87' lang='lat' dir='ltr'><strong>duxit</strong></span> <span class='ocrx_word' id='word_1_550' title='bbox 1273 3268 1464 3302; x_wconf 79' lang='lat' dir='ltr'><strong>inimicitia</strong></span> <span class='ocrx_word' id='word_1_551' title='bbox 1489 3279 1579 3311; x_wconf 80' lang='lat' dir='ltr'><strong>qnae</strong></span> <span class='ocrx_word' id='word_1_552' title='bbox 1608 3269 1677 3301; x_wconf 85' lang='lat' dir='ltr'><strong>fuit</strong></span> <span class='ocrx_word' id='word_1_553' title='bbox 1713 3269 1807 3302; x_wconf 82' lang='lat' dir='ltr'><strong>inter</strong></span> <span class='ocrx_word' id='word_1_554' title='bbox 1841 3268 2018 3302; x_wconf 84' lang='lat' dir='ltr'><strong>Lucilium</strong></span> <span class='ocrx_word' id='word_1_555' title='bbox 2051 3272 2088 3303; x_wconf 84' lang='lat' dir='ltr'><strong>et</strong></span> <span class='ocrx_word' id='word_1_556' title='bbox 2113 3270 2281 3308; x_wconf 64' lang='lat' dir='ltr'><strong>Aeciunn</strong></span> <span class='ocrx_word' id='word_1_557' title='bbox 2319 3269 2380 3304; x_wconf 82' lang='lat' dir='ltr'><strong>ille</strong></span> <span class='ocrx_word' id='word_1_558' title='bbox 2404 3270 2497 3304; x_wconf 88' lang='lat' dir='ltr'><strong>enim</strong></span> <span class='ocrx_word' id='word_1_559' title='bbox 2524 3281 2546 3305; x_wconf 78' lang='lat' dir='ltr'><strong>a</strong></span> <span class='ocrx_word' id='word_1_560' title='bbox 2572 3271 2649 3306; x_wconf 82' lang='lat' dir='ltr'><strong>Sci-</strong></span> 
     </span>
     <span class='ocr_line' id='line_1_42' title="bbox 292 3324 2650 3374; baseline 0.002 -16"><span class='ocrx_word' id='word_1_561' title='bbox 292 3325 408 3370; x_wconf 88' lang='lat' dir='ltr'><strong>pionis</strong></span> <span class='ocrx_word' id='word_1_562' title='bbox 432 3325 595 3369; x_wconf 85' lang='lat' dir='ltr'><strong>partibus</strong></span> <span class='ocrx_word' id='word_1_563' title='bbox 621 3325 754 3364; x_wconf 77' lang='lat' dir='ltr'><strong>stabat,</strong></span> <span class='ocrx_word' id='word_1_564' title='bbox 793 3326 853 3369; x_wconf 82' lang='lat' dir='ltr'><strong>qui</strong></span> <span class='ocrx_word' id='word_1_565' title='bbox 880 3328 920 3358; x_wconf 82' lang='lat' dir='ltr'><strong>ut</strong></span> <span class='ocrx_word' id='word_1_566' title='bbox 945 3324 1153 3368; x_wconf 79' lang='lat' dir='ltr'><strong>aequalibus</strong></span> <span class='ocrx_word' id='word_1_567' title='bbox 1194 3325 1247 3359; x_wconf 72' lang='lat' dir='ltr'><strong>ita</strong></span> <span class='ocrx_word' id='word_1_568' title='bbox 1273 3325 1427 3368; x_wconf 77' lang='lat' dir='ltr'><strong>pesteris</strong></span> <span class='ocrx_word' id='word_1_569' title='bbox 1463 3325 1565 3369; x_wconf 78' lang='lat' dir='ltr'><strong>quasi</strong></span> <span class='ocrx_word' id='word_1_570' title='bbox 1590 3325 1770 3369; x_wconf 80' lang='lat' dir='ltr'><strong>exemplar</strong></span> <span class='ocrx_word' id='word_1_571' title='bbox 1796 3337 1883 3370; x_wconf 85' lang='lat' dir='ltr'><strong>puro</strong></span> <span class='ocrx_word' id='word_1_572' title='bbox 1909 3325 2096 3362; x_wconf 84' lang='lat' dir='ltr'><strong>emendato</strong></span> <span class='ocrx_word' id='word_1_573' title='bbox 2121 3326 2233 3374; x_wconf 79' lang='lat' dir='ltr'><strong>latine</strong></span> <span class='ocrx_word' id='word_1_574' title='bbox 2258 3325 2426 3372; x_wconf 83' lang='lat' dir='ltr'><strong>loquendi</strong></span> <span class='ocrx_word' id='word_1_575' title='bbox 2451 3326 2650 3363; x_wconf 81' lang='lat' dir='ltr'><strong>habebatur</strong></span> 
     </span>
     <span class='ocr_line' id='line_1_43' title="bbox 292 3381 1128 3427; baseline -0.002 -10"><span class='ocrx_word' id='word_1_576' title='bbox 292 3382 356 3424; x_wconf 69' lang='lat' dir='ltr'><strong>(cf.</strong></span> <span class='ocrx_word' id='word_1_577' title='bbox 382 3384 457 3417; x_wconf 87' lang='lat' dir='ltr'><strong>Cic.</strong></span> <span class='ocrx_word' id='word_1_578' title='bbox 489 3383 587 3416; x_wconf 77' lang='lat' dir='ltr'><strong>Brut.</strong></span> <span class='ocrx_word' id='word_1_579' title='bbox 613 3382 669 3423; x_wconf 72' lang='lat'><strong>74,</strong></span> <span class='ocrx_word' id='word_1_580' title='bbox 696 3383 766 3417; x_wconf 75' lang='lat'><strong>258</strong></span> <span class='ocrx_word' id='word_1_581' title='bbox 789 3381 885 3417; x_wconf 88' lang='lat' dir='ltr'><strong>Fest.</strong></span> <span class='ocrx_word' id='word_1_582' title='bbox 915 3394 948 3427; x_wconf 76' lang='lat'><strong>1».</strong></span> <span class='ocrx_word' id='word_1_583' title='bbox 973 3381 1055 3423; x_wconf 82' lang='lat'><strong>273,</strong></span> <span class='ocrx_word' id='word_1_584' title='bbox 1080 3382 1128 3426; x_wconf 84' lang='lat'><strong>9).</strong></span> 
     </span>
    </p>

    <p class='ocr_par' dir='ltr' id='par_1_9' title="bbox 291 3438 2648 3605">
     <span class='ocr_line' id='line_1_44' title="bbox 516 3438 2648 3486; baseline 0 -11"><span class='ocrx_word' id='word_1_585' title='bbox 516 3440 558 3481; x_wconf 78' lang='lat'><strong>4)</strong></span> <span class='ocrx_word' id='word_1_586' title='bbox 583 3438 675 3475; x_wconf 76' lang='lat' dir='ltr'><strong>Prae</strong></span> <span class='ocrx_word' id='word_1_587' title='bbox 699 3439 847 3485; x_wconf 75' lang='lat' dir='ltr'><strong>ineptiis</strong></span> <span class='ocrx_word' id='word_1_588' title='bbox 872 3439 996 3475; x_wconf 80' lang='lat' dir='ltr'><strong>inultis</strong></span> <span class='ocrx_word' id='word_1_589' title='bbox 1036 3442 1074 3475; x_wconf 83' lang='lat' dir='ltr'><strong>et</strong></span> <span class='ocrx_word' id='word_1_590' title='bbox 1111 3441 1291 3481; x_wconf 83' lang='lat' dir='ltr'><strong>monstris,</strong></span> <span class='ocrx_word' id='word_1_591' title='bbox 1330 3450 1421 3486; x_wconf 82' lang='lat' dir='ltr'><strong>quae</strong></span> <span class='ocrx_word' id='word_1_592' title='bbox 1445 3440 1585 3486; x_wconf 80' lang='lat' dir='ltr'><strong>peperit</strong></span> <span class='ocrx_word' id='word_1_593' title='bbox 1611 3451 1719 3486; x_wconf 77' lang='lat' dir='ltr'><strong>prava</strong></span> <span class='ocrx_word' id='word_1_594' title='bbox 1744 3439 1972 3486; x_wconf 78' lang='lat' dir='ltr'><strong>antiquorum</strong></span> <span class='ocrx_word' id='word_1_595' title='bbox 1998 3441 2316 3485; x_wconf 78' lang='lat' dir='ltr'><strong>grammaticorum</strong></span> <span class='ocrx_word' id='word_1_596' title='bbox 2342 3440 2506 3475; x_wconf 77' lang='lat' dir='ltr'><strong>doctrina</strong></span> <span class='ocrx_word' id='word_1_597' title='bbox 2533 3442 2648 3476; x_wconf 76' lang='lat' dir='ltr'><strong>multa</strong></span> 
     </span>
     <span class='ocr_line' id='line_1_45' title="bbox 291 3497 2648 3545; baseline 0.001 -11"><span class='ocrx_word' id='word_1_598' title='bbox 291 3499 435 3544; x_wconf 81' lang='lat' dir='ltr'><strong>egregie</strong></span> <span class='ocrx_word' id='word_1_599' title='bbox 460 3498 504 3534; x_wconf 81' lang='lat' dir='ltr'><strong>ab</strong></span> <span class='ocrx_word' id='word_1_600' title='bbox 528 3499 580 3534; x_wconf 86' lang='lat' dir='ltr'><strong>eis</strong></span> <span class='ocrx_word' id='word_1_601' title='bbox 596 3498 721 3544; x_wconf 84' lang='lat' dir='ltr'><strong>primis</strong></span> <span class='ocrx_word' id='word_1_602' title='bbox 738 3509 814 3534; x_wconf 82' lang='lat' dir='ltr'><strong>esse</strong></span> <span class='ocrx_word' id='word_1_603' title='bbox 831 3497 1018 3534; x_wconf 78' lang='lat' dir='ltr'><strong>observata</strong></span> <span class='ocrx_word' id='word_1_604' title='bbox 1040 3509 1111 3533; x_wconf 89' lang='lat' dir='ltr'><strong>non</strong></span> <span class='ocrx_word' id='word_1_605' title='bbox 1130 3498 1409 3533; x_wconf 79' lang='lat' dir='ltr'><strong>obliviscendum</strong></span> <span class='ocrx_word' id='word_1_606' title='bbox 1429 3501 1496 3534; x_wconf 85' lang='lat' dir='ltr'><strong>est.</strong></span> <span class='ocrx_word' id='word_1_607' title='bbox 1524 3499 1632 3533; x_wconf 84' lang='lat' dir='ltr'><strong>Velut</strong></span> <span class='ocrx_word' id='word_1_608' title='bbox 1656 3499 1733 3545; x_wconf 82' lang='lat' dir='ltr'><strong>ipsa</strong></span> <span class='ocrx_word' id='word_1_609' title='bbox 1750 3499 1811 3534; x_wconf 83' lang='lat' dir='ltr'><strong>illa</strong></span> <span class='ocrx_word' id='word_1_610' title='bbox 1830 3499 1957 3534; x_wconf 89' lang='lat' dir='ltr'><strong>rustici</strong></span> <span class='ocrx_word' id='word_1_611' title='bbox 1975 3502 2012 3534; x_wconf 86' lang='lat' dir='ltr'><strong>et</strong></span> <span class='ocrx_word' id='word_1_612' title='bbox 2029 3500 2169 3545; x_wconf 80' lang='lat' dir='ltr'><strong>antiqui</strong></span> <span class='ocrx_word' id='word_1_613' title='bbox 2194 3500 2367 3535; x_wconf 86' lang='lat' dir='ltr'><strong>sermonis</strong></span> <span class='ocrx_word' id='word_1_614' title='bbox 2383 3500 2552 3544; x_wconf 76' lang='lat' dir='ltr'><strong>cognatio</strong></span> <span class='ocrx_word' id='word_1_615' title='bbox 2571 3500 2648 3536; x_wconf 70' lang='lat' dir='ltr'><strong>vide</strong></span> 
     </span>
     <span class='ocr_line' id='line_1_46' title="bbox 291 3555 2647 3605; baseline 0 -15"><span class='ocrx_word' id='word_1_616' title='bbox 291 3567 397 3602; x_wconf 84' lang='lat' dir='ltr'><strong>quam</strong></span> <span class='ocrx_word' id='word_1_617' title='bbox 417 3556 466 3590; x_wconf 81' lang='lat' dir='ltr'><strong>sit</strong></span> <span class='ocrx_word' id='word_1_618' title='bbox 484 3566 566 3590; x_wconf 84' lang='lat' dir='ltr'><strong>vera</strong></span> <span class='ocrx_word' id='word_1_619' title='bbox 584 3566 626 3591; x_wconf 87' lang='lat' dir='ltr'><strong>ac</strong></span> <span class='ocrx_word' id='word_1_620' title='bbox 646 3560 767 3591; x_wconf 82' lang='lat' dir='ltr'><strong>nestra</strong></span> <span class='ocrx_word' id='word_1_621' title='bbox 786 3567 925 3602; x_wconf 82' lang='lat' dir='ltr'><strong>quoque</strong></span> <span class='ocrx_word' id='word_1_622' title='bbox 943 3558 1062 3591; x_wconf 83' lang='lat' dir='ltr'><strong>aetate</strong></span> <span class='ocrx_word' id='word_1_623' title='bbox 1081 3555 1247 3601; x_wconf 83' lang='lat' dir='ltr'><strong>probata:</strong></span> <span class='ocrx_word' id='word_1_624' title='bbox 1262 3567 1331 3601; x_wconf 82' lang='lat' dir='ltr'><strong>qua</strong></span> <span class='ocrx_word' id='word_1_625' title='bbox 1339 3556 1453 3592; x_wconf 85' lang='lat' dir='ltr'><strong>Varro</strong></span> <span class='ocrx_word' id='word_1_626' title='bbox 1471 3568 1575 3602; x_wconf 80' lang='lat' dir='ltr'><strong>saepo</strong></span> <span class='ocrx_word' id='word_1_627' title='bbox 1596 3556 1712 3592; x_wconf 88' lang='lat' dir='ltr'><strong>utitur</strong></span> <span class='ocrx_word' id='word_1_628' title='bbox 1729 3556 1765 3592; x_wconf 89' lang='lat' dir='ltr'><strong>in</strong></span> <span class='ocrx_word' id='word_1_629' title='bbox 1782 3555 1883 3592; x_wconf 89' lang='lat' dir='ltr'><strong>libris</strong></span> <span class='ocrx_word' id='word_1_630' title='bbox 1901 3556 1942 3589; x_wconf 81' lang='lat' dir='ltr'><strong>de</strong></span> <span class='ocrx_word' id='word_1_631' title='bbox 1961 3557 2076 3600; x_wconf 61' lang='lat' dir='ltr'><strong>linqua</strong></span> <span class='ocrx_word' id='word_1_632' title='bbox 2097 3558 2216 3600; x_wconf 79' lang='lat' dir='ltr'><strong>latina,</strong></span> <span class='ocrx_word' id='word_1_633' title='bbox 2229 3560 2265 3594; x_wconf 81' lang='lat' dir='ltr'><strong>et</strong></span> <span class='ocrx_word' id='word_1_634' title='bbox 2283 3558 2325 3591; x_wconf 72' lang='lat' dir='ltr'><strong>de</strong></span> <span class='ocrx_word' id='word_1_635' title='bbox 2344 3569 2440 3592; x_wconf 66' lang='lat' dir='ltr'><strong>serm.</strong></span> <span class='ocrx_word' id='word_1_636' title='bbox 2459 3558 2518 3591; x_wconf 78' lang='lat' dir='ltr'><strong>lae.</strong></span> <span class='ocrx_word' id='word_1_637' title='bbox 2534 3557 2576 3594; x_wconf 81' lang='lat' dir='ltr'><strong>fr.</strong></span> <span class='ocrx_word' id='word_1_638' title='bbox 2589 3557 2647 3605; x_wconf 78' lang='lat'><strong>58,</strong></span> 
     </span>
    </p>
   </div>
  </div>
 </body>
</html>
