3039 3877
1332 298 1615 343 ..Ιν-

293 427 480 469 Terentii
520 428 692 471 affertur
727 429 936 470 docerent.
1008 427 1091 469 Sed
1121 425 1257 468 Solini
1304 438 1475 481 quoquo
1517 426 1678 479 locum,
1724 437 1850 480 quem
1897 427 1939 465 et
1968 422 2028 465 illi
2072 424 2114 465 et
2142 420 2374 465 Teuffelius
2418 422 2533 476 (hist.
2575 420 2652 464 litt.

293 507 436 550 Rom.⁵
466 510 490 562 ξ
522 510 616 562 159,
649 510 690 562 7)
728 508 1025 563 neglexerunt,
1056 505 1239 548 Varroni
1283 504 1428 548 deberi
1470 505 1661 559 (fortasse
1703 502 2064 547 intercedentibus
2094 501 2258 557 Hygini
2301 502 2351 544 de
2386 503 2462 546 citu
2491 504 2651 547 urbium

295 587 533 628 Italiam-mn
561 587 714 641 libris),
745 589 782 628 si
812 589 945 628 totum
977 588 1106 639 caput
1134 586 1383 640 perlegeris,
1414 586 1504 626 veri
1534 585 1802 626 simillimum
1832 581 2054 624 videbitur.
2101 608 2103 610 -

516 665 608 707 lam
639 678 740 707 vero
769 664 1030 706 Ritschelius
1061 663 1259 706 Cosconii
1286 663 1444 705 librum
1474 663 1523 704 de
1552 663 1769 703 actionibus
1797 663 1841 703 in
1863 661 2014 703 eodem
2035 663 2286 715 argumento
2311 662 2470 703 versari
2499 662 2542 702 in
2565 675 2651 717 quo

299 746 501 786 Varronis
532 744 662 786 libros
704 744 752 784 cte
792 743 977 790 scaenicis
1005 742 1264 798 actionibus&
1295 743 1489 796 coniecit,
1529 741 1736 784 refutatus
1766 739 1818 782 ab
1848 739 2044 793 Hertzio,
2091 739 2166 794 qui
2211 752 2265 782 ne
2302 752 2430 794 posse
2475 740 2649 795 quidem

296 825 487 867 actiones
521 825 582 866 sic
610 824 770 878 positas
800 823 912 865 idem
943 822 1184 878 significare
1215 821 1328 877 quod
1372 823 1560 864 actiones
1597 822 1815 863 scaenicas
1859 819 2094 861 rectissime
2139 819 2297 860 statuit.
2355 818 2474 861 Idem
2517 820 2650 862 ascito

296 905 426 948 altero
457 904 548 946 loco
581 902 785 945 Varronis
815 901 864 943 de
895 901 919 942 l.
953 900 978 942 l.
1013 900 1090 943 VlI
1120 900 1189 943 ‘93
1217 900 1357 957 quihus
1399 915 1462 942 res
1506 908 1591 941 erat
1636 900 1676 942 in
1704 899 1979 948 controversia,
2026 912 2073 940 ea
2110 898 2323 940 vocabatur
2357 897 2424 947 lis,·
2472 899 2560 941 ideo
2602 899 2651 940 in

297 984 580 1026 actionibus
622 983 797 1023 videricus
841 982 922 1022 dici
964 987 1102 1037 ‘quam
1129 996 1214 1023 rem
1257 982 1334 1022 sice
1377 995 1438 1021 me
1477 980 1583 1021 litem
1623 980 1750 1021 (licere
1789 978 1967 1033 oportet',
2012 981 2140 1021 etiam
2170 979 2307 1034 priore
2338 979 2430 1022 loco
2460 979 2650 1021 actiones

298 1063 608 1118 intellegendas
645 1074 742 1104 esse
777 1074 850 1103 eas
881 1074 992 1116 quae
1036 1062 1084 1103 in
1123 1063 1215 1104 iure
1254 1061 1364 1102 fiunt
1415 1061 1482 1114 (cf.
1526 1061 1715 1102 actiones
1746 1059 2000 1101 Manilianas
2030 1063 2074 1100 et
2101 1058 2366 1101 Hostilianas
2398 1058 2518 1100 Varr.
2547 1075 2583 1101 vn
2614 1076 2648 1101 r.

295 1143 338 1185 11
371 1145 407 1193 5,
442 1142 511 1192 113
554 1142 592 1194 7,
621 1142 658 1181 6.
689 1141 772 1182 Cic.
806 1140 854 1181 de
882 1155 941 1181 or.
972 1138 992 1181 I
1021 1140 1103 1182 245
1135 1142 1216 1195 sq.)
1255 1139 1556 1195 comprobavit,
1593 1139 1667 1182 sed
1706 1139 1819 1194 quod
1855 1138 1968 1181 addit
2011 1151 2097 1180 non
2136 1137 2289 1181 librum
2326 1138 2516 1181 denotari
2547 1140 2649 1182 Cos-

300 1222 435 1272 conii,
473 1222 547 1276 qui
582 1221 816 1274 inscriptus
847 1220 975 1262 fuerit
1012 1219 1061 1260 de
1095 1219 1330 1269 actionibus,
1370 1220 1445 1261 sed
1477 1220 1533 1261 ita
1564 1218 1693 1261 verba
1736 1218 1952 1274 iungenda
1982 1230 2078 1260 csse
2109 1218 2233 1273 quasi
2264 1230 2338 1273 per
2367 1217 2650 1275 hyperbaton:

296 1296 367 1341 'hoe
397 1300 500 1341 idem
531 1298 743 1340 Cosconius
779 1297 934 1346 scribit,
989 1298 1030 1338 in
1066 1297 1282 1359 actionibus
1313 1303 1544 1350 praetorem
1583 1311 1788 1339 accensum
1823 1296 1979 1338 solitum
2015 1311 2093 1339 esse
2122 1297 2271 1346 iubere,
2308 1297 2350 1339 id
2390 1309 2532 1352 neque
2575 1311 2649 1354 per

293 1379 465 1432 linguae
497 1389 637 1431 neque
672 1388 747 1431 per
777 1377 1012 1417 sententiae
1043 1374 1160 1431 leges
1190 1374 1281 1417 fieri
1312 1377 1461 1430 potest.
1510 1368 1661 1430 Neque
1691 1373 1913 1418 Hertzium
1944 1377 2136 1432 sequitur
2165 1375 2367 1430 loersius,
2396 1373 2649 1421 Roemischo

295 1454 751 1499 Rechtswissenschaft
780 1468 856 1497 zur
886 1454 977 1497 Zeit
1006 1454 1080 1496 der
1108 1452 1321 1510 Republik
1355 1452 1375 1495 l
1404 1452 1610 1507 (Berolini
1644 1454 1766 1506 1888)
1804 1467 1842 1509 p.
1876 1454 1943 1507 89,
1981 1455 2021 1508 2,
2052 1455 2126 1510 qui
2154 1457 2267 1498 recte
2299 1455 2342 1498 id
2372 1469 2544 1513 quoque
2575 1458 2648 1501 ad-

295 1537 368 1590 dit,
411 1549 496 1578 non
527 1535 709 1577 alienam
741 1546 839 1576 esse
870 1533 922 1576 ab
954 1534 994 1576 id
1032 1534 1181 1576 aetatis
1223 1534 1394 1575 homine
1432 1533 1533 1575 artis
1580 1534 1878 1587 grammaticae
1923 1534 2113 1588 iurisque
2159 1524 2523 1589 coniunctionem;
2566 1539 2652 1580 nisi

296 1615 409 1670 quod
449 1615 632 1656 mihine
673 1625 781 1669 opus
812 1613 985 1668 quidem
1023 1624 1119 1655 esse
1145 1612 1332 1667 videtur,
1376 1613 1420 1654 in
1468 1612 1598 1654 altero
1640 1611 1747 1653 libro
1785 1611 2040 1655 Cosconium
2077 1612 2237 1670 fingere
2281 1614 2650 1671 iurisconsultum,

295 1695 618 1751 grammaticum
650 1695 695 1735 in
726 1693 873 1740 altero3
905 1696 1005 1748 puto
1036 1693 1151 1735 enim
1181 1692 1291 1735 facili
1316 1693 1484 1747 negotio
1507 1705 1632 1751 posse
1664 1691 1957 1746 demonstrari,
1987 1694 2030 1735 in
2053 1694 2145 1749 ipsa
2174 1695 2441 1749 grammatici
2470 1709 2652 1751 persona

298 1776 555 1816 Cosconium
591 1774 644 1814 de
676 1772 914 1814 actionibus
945 1773 1102 1830 egisse.
1165 1772 1286 1821 Quod
1324 1773 1368 1813 in
1410 1775 1553 1826 aperto
1578 1755 1773 1824 'essetssi
1804 1756 1867 1813 ad⁴
1887 1771 1929 1813 L.
1960 1773 2133 1814 Aelium
2162 1772 2366 1816 Stilonem
2393 1777 2653 1830 pertinerent

298 1855 401 1896 haec
429 1853 646 1895 Ciceronis
677 1852 810 1893 verba
841 1852 890 1892 <le
919 1858 1077 1892 oratore
1106 1850 1126 1891 1
1152 1852 1233 1892 193
1262 1852 1340 1892 siz-e
1358 1865 1470 1906 quem
1502 1851 1596 1891 liaeo
1620 1851 1792 1891 Aeliana
1813 1851 1960 1904 (aliena
1990 1852 2100 1906 libri,
2129 1865 2232 1894 corr.
2252 1852 2490 1908 Madvicus)
2519 1856 2652 1896 studia

299 1933 505 1980 delectant,
533 1932 714 1985 plurima
745 1938 798 1972 est
838 1938 871 1972 et
901 1932 943 1971 in
973 1931 1083 1971 omui
1109 1930 1195 1971 iure
1224 1930 1329 1971 cirili
1353 1938 1386 1971 et
1416 1932 1460 1971 in
1494 1931 1730 1984 pontificum
1776 1931 1886 1971 libris
1929 1938 1962 1971 et
2006 1932 2048 1972 in
2094 1931 2196 1972 XII
2230 1933 2373 1974 tabulis
2409 1935 2654 1990 antiquitatis

295 2012 459 2067 ιζῄἳρίρε,
490 2011 598 2066 quod
633 2018 667 2051 et
702 2011 909 2051 verborum
941 2016 1109 2049 vetztstas
1140 2009 1280 2062 prisca
1318 2010 1561 2063 ‹roquoscitur
1596 2017 1630 2050 et
1665 2011 1920 2050 actionum
1944 2024 2088 2064 ymera
2107 2011 2304 2065 quaedam
2332 2013 2530 2053 maiorum
2558 2028 2649 2055 con·

294 2090 535 2132 suetudinem
566 2090 762 2145 vitamque
791 2088 1017 2129 declarant.-
1055 2100 1165 2143 quae
1196 2100 1294 2130 cum
1323 2088 1374 2129 dc
1406 2088 1566 2130 Stilone
1598 2089 1707 2130 dicta
1738 2101 1833 2130 esse
1863 2092 2066 2130 censeant
2096 2087 2576 2134 Pideritus-Harnecker
2606 2094 2649 2134 in

299 2170 569 2212 adnotatione
601 2173 642 2211 et
671 2167 856 2210 Jahnius
887 2168 938 2209 ad
970 2167 1054 2212 Cic,
1084 2167 1204 2208 Brut.
1234 2167 1260 2218 ξ
1291 2168 1373 2209 205
1405 2180 1482 2222 sq,
1512 2168 1563 2209 ad
1594 2167 1692 2210 Sex.
1725 2169 1894 2210 Aelium
1929 2167 2119 2222 Paetum,
2148 2169 2496 2213 iurisconsultum
2533 2171 2653 2215 nobi·

294 2248 523 2301 lissimum,
561 2259 645 2289 cos.
676 2260 711 2289 a.
744 2246 824 2288 556
855 2247 998 2301 potius
1028 2246 1247 2288 referenda
1283 2257 1391 2297 csse,
1424 2244 1614 2301 Voigtius
1645 2247 1907 2301 argumentis
1935 2247 2183 2288 certissimis
2202 2246 2398 2302 probavit
2416 2253 2510 2300 (act.
2534 2251 2648 2293 acad.

296 2339 383 2381 rog.
414 2324 570 2368 Saxon.
604 2325 686 2366 vol.
725 2323 802 2365 Vll
832 2338 868 2366 a.
908 2325 1016 2366 1879
1052 2338 1089 2380 p.
1122 2325 1203 2365 324
1249 2327 1371 2380 sqq).
1431 2325 1560 2368 Extat
1596 2328 1737 2367 autem
1762 2326 1866 2367 alter
1895 2325 2112 2369 Ciceronis
2142 2327 2274 2378 locus,
2313 2340 2398 2383 quo
2434 2333 2545 2371 recto
2577 2343 2653 2373 ex·

293 2407 444 2461 plicato
480 2405 828 2460 argumentisque
869 2403 1040 2445 aliunde
1077 2404 1217 2459 potitis
1253 2404 1459 2446 illustrato
1498 2408 1540 2446 ct
1582 2405 1634 2447 de
1674 2405 1881 2448 Cosconio
1920 2409 1961 2447 et
1991 2405 2042 2447 do
2079 2405 2241 2450 Stilone
2276 2409 2433 2451 rectius
2472 2410 2652 2453 iudicari

294 2486 456 2541 poterit.
520 2484 666 2526 Cicero
696 2484 812 2526 enim
844 2484 886 2525 in
917 2482 1051 2525 Bruto
1081 2484 1138 2525 ita
1167 2483 1313 2525 scribit
1341 2484 1367 2535 ξ
1397 2484 1480 2526 205
1511 2497 1594 2539 sq..·

575 2563 713 2605 Aelius
756 2596 765 2604 .
797 2596 805 2604 .
837 2596 845 2604 .
877 2594 886 2604 .
931 2562 1218 2604 eruditissimus
1261 2570 1294 2604 et
1338 2563 1502 2606 Graecis
1538 2563 1676 2606 litteris
1713 2571 1746 2605 et
1786 2563 1945 2606 Latinis
1983 2566 2304 2624 antiquitatisque
2332 2576 2487 2611 nostrae
2525 2578 2566 2612 et
2604 2571 2620 2613 i
2628 2588 2654 2612 n

575 2645 784 2685 inventis
827 2643 967 2684 rebus
1008 2650 1048 2684 et
1092 2644 1137 2683 in
1184 2644 1305 2685 actis
1344 2644 1659 2700 scriptorumque
1690 2651 1857 2686 veterum
1892 2644 2057 2688 litterate
2079 2648 2255 2700 peritus:
2300 2664 2421 2705 qmmi
2451 2650 2653 2693 scientiam

590 2723 717 2765 Varro
746 2729 876 2764 noster
904 2729 1105 2776 acceptam
1135 2722 1186 2762 ab
1217 2722 1282 2763 illo
1308 2729 1541 2778 (metamque
1573 2737 1650 2777 per
1695 2737 1772 2764 sese
1812 2756 1820 2765 .
1848 2756 1856 2765 .
1882 2757 1890 2765 .
1916 2724 2103 2779 pluribus
2132 2733 2165 2768 et
2202 2727 2499 2772 illustrioribus
2517 2730 2654 2774 litteras

576 2802 797 2856 arpiicavit.

520 2899 556 2941 1)
581 2899 693 2933 Varro
718 2900 790 2933 tres
815 2898 922 2933 libros
945 2898 1090 2942 scripsit
1115 2898 1156 2929 de
1182 2899 1350 2930 scaenis-is
1376 2899 1569 2932 acec’ouilms.
1633 2900 1744 2942 Quem
1772 2901 1920 2936 titulum
1960 2902 1996 2937 in
2033 2902 2149 2938 indice
2174 2903 2451 2949 Hieronymiano
2490 2909 2654 2953 sequitur

295 2958 371 2992 hic:
398 2958 438 2989 ‹lc›
465 2957 552 2988 accis
577 2957 754 2990 scaenicis.
804 2956 882 2999 Qua
904 2956 1047 2990 taudem
1074 2965 1182 2990 causa
1206 2956 1402 2990 Varronem
1428 2959 1628 3001 permotum
1656 2969 1732 2992 esse
1755 2959 1974 3003 putabimus,
2003 2962 2044 2994 ut
2062 2960 2154 2995 idem
2179 2961 2396 2998 adiectivum
2421 2964 2525 2999 modo
2551 2969 2653 3001 ante-

296 3016 442 3060 poneret
466 3014 601 3048 nomini
629 3012 732 3047 modo
759 3013 1016 3057 postponeret?
1053 3012 1124 3047 Res
1148 3013 1184 3047 in
1210 3015 1335 3057 aperto
1360 3014 1440 3054 orit,
1466 3015 1495 3048 si
1533 3014 1690 3050 eiusdem
1730 3015 1838 3050 libros
1875 3017 2133 3062 comparaveris
2158 3017 2240 3054 hos:
2280 3018 2320 3052 cle
2361 3021 2490 3063 ora‘qim
2518 3022 2653 3066 linquae

297 3073 422 3105 latinae
452 3091 492 3097 —
518 3071 558 3103 de
584 3071 752 3103 scaenicis
778 3071 971 3113 oriyinibus,
1004 3071 1045 3102 de
1071 3071 1140 3103 vita
1161 3071 1284 3114 populi
1307 3071 1450 3103 Romani
1473 3091 1514 3097 -
1540 3072 1581 3104 cle
1606 3085 1669 3105 sua
1694 3074 1772 3113 vita,
1805 3075 2013 3115 quaestiones
2042 3076 2221 3108 Plautinae
2246 3095 2288 3102 —-
2321 3078 2516 3120 epistolicae
2554 3092 2654 3123 quae·

295 3131 419 3163 stiones
445 3128 513 3171 (ita
539 3128 634 3163 enim
659 3127 723 3163 hos
743 3127 851 3163 libros
875 3127 991 3164 citant
1016 3129 1142 3174 quater
1165 3127 1312 3170 Gellius,
1339 3131 1466 3173 quater
1480 3128 1677 3171 Charisius.
1703 3130 1811 3166 semel
1836 3131 1967 3167 Festus
1986 3143 2019 3178 p.
2046 3131 2125 3174 339,
2150 3133 2212 3178 qui
2236 3144 2421 3180 perperam
2441 3137 2652 3178 quaestiones

297 3188 492 3231 epistolia-ue
517 3197 552 3231 p.
579 3186 671 3220 1⁴2».
720 3186 900 3220 Nimirum
932 3186 1072 3220 videtur
1102 3186 1311 3221 antecedere
1336 3187 1471 3221 nomini
1495 3187 1722 3229 adiectivum,
1748 3199 1823 3233 guo
1848 3189 1981 3223 similes
2007 3190 2107 3225 tituli
2131 3195 2377 3228 secernantur:
2402 3193 2494 3228 unde
2517 3196 2655 3241 perspi-

295 3247 401 3285 citur.
438 3255 502 3279 cur
537 3243 616 3278 illos
650 3242 759 3277 libros
797 3243 1019 3288 inscripserit
1069 3243 1111 3276 cle
1147 3244 1314 3277 scaenicis
1351 3244 1546 3284 actionibus,
1585 3245 1724 3281 scilicet
1749 3249 1791 3281 ut.
1826 3246 1955 3282 diversi
1991 3250 2111 3284 essent
2135 3250 2246 3285 anta
2270 3250 2436 3286 Cosconii
2478 3250 2579 3288 libris
2611 3252 2654 3287 de

299 3302 482 3335 actionibus
506 3301 555 3335 eis
582 3309 671 3345 quae
703 3300 739 3334 in
763 3300 840 3334 iure
862 3300 989 3335 fierent
1013 3303 1078 3336 aut
1102 3310 1123 3335 a
1147 3300 1222 3336 suis
1247 3301 1287 3333 (Ie
1313 3302 1385 3333 iure
1411 3302 1512 3342 civili,
1546 3302 1581 3337 in
1618 3303 1746 3348 quibus
1774 3305 1858 3350 quin
1880 3305 2121 3350 copiosissime
2158 3309 2196 3342 et
2219 3306 2371 3344 fortasse
2394 3308 2537 3355 integro
2563 3309 2652 3346 libro

300 3361 342 3395 de
365 3359 567 3394 actionibus
591 3359 705 3402 egerit
729 3368 769 3392 eo
807 3358 924 3392 minus
948 3358 1104 3393 dubitari
1127 3360 1258 3404 potest,
1298 3360 1390 3405 quod
1416 3359 1497 3394 libri
1515 3371 1660 3395 numero
1684 3361 1830 3396 fuerunt
1853 3362 2066 3408 quindecim.
2093 3383 2137 3390 —
2161 3365 2330 3401 Ceterum
2354 3366 2477 3402 eodem
2503 3368 2651 3403 consilio

298 3417 530 3452 Lactantium
555 3419 643 3462 puto
667 3416 765 3461 operi
805 3426 870 3450 suo
895 3415 1118 3461 inscripsisse
1142 3416 1276 3450 divinas
1302 3418 1528 3458 institutiones,
1567 3429 1610 3453 ne
1635 3418 1936 3456 confunderentur
1959 3432 2040 3456 cum
2076 3422 2365 3460 institutionibus
2388 3424 2445 3460 vel
2471 3429 2654 3461 oratorum

298 3475 352 3510 vel
388 3474 729 3509 iurisconsultorum.
779 3474 900 3518 Atque
933 3473 1088 3515 omnino,
1125 3484 1194 3519 quo
1232 3474 1494 3510 discerneretur
1516 3475 1647 3512 titulus
1682 3477 1859 3521 generalis
1894 3488 1915 3514 a
1956 3479 2116 3523 speciali,
2147 3479 2362 3517 adiectivum
2406 3482 2653 3529 praeposuisse

297 3531 473 3573 videntur,
493 3531 538 3567 cf.
564 3530 717 3566 Senecae
743 3530 918 3564 naturales
943 3531 1163 3572 «praenimia,
1190 3531 1299 3568 Plinii
1326 3533 1493 3566 tantm-alls
1520 3534 1670 3575 historia,
1699 3535 1861 3571 Suetonii
1890 3536 2023 3569 ludicra
2048 3537 2199 3573 matoria,
